Store,DayOfWeek,Date,Sales,Customers,Open,Promo,StateHoliday,SchoolHoliday
1,5,7/31/2015,5263,555,1,1,0,1
1,4,7/30/2015,5020,546,1,1,0,1
1,3,7/29/2015,4782,523,1,1,0,1
1,2,7/28/2015,5011,560,1,1,0,1
1,1,7/27/2015,6102,612,1,1,0,1
1,7,7/26/2015,0,0,0,0,0,0
1,6,7/25/2015,4364,500,1,0,0,0
1,5,7/24/2015,3706,459,1,0,0,0
1,4,7/23/2015,3769,503,1,0,0,0
1,3,7/22/2015,3464,463,1,0,0,0
1,2,7/21/2015,3558,469,1,0,0,0
1,1,7/20/2015,4395,526,1,0,0,0
1,7,7/19/2015,0,0,0,0,0,0
1,6,7/18/2015,4406,512,1,0,0,0
1,5,7/17/2015,4852,519,1,1,0,0
1,4,7/16/2015,4427,517,1,1,0,0
1,3,7/15/2015,4767,550,1,1,0,0
1,2,7/14/2015,5042,544,1,1,0,0
1,1,7/13/2015,5054,553,1,1,0,0
1,7,7/12/2015,0,0,0,0,0,0
1,6,7/11/2015,3530,441,1,0,0,0
1,5,7/10/2015,3808,449,1,0,0,0
1,4,7/9/2015,3897,480,1,0,0,0
1,3,7/8/2015,3797,485,1,0,0,0
1,2,7/7/2015,3650,485,1,0,0,0
1,1,7/6/2015,4359,540,1,0,0,0
1,7,7/5/2015,0,0,0,0,0,0
1,6,7/4/2015,4797,560,1,0,0,0
1,5,7/3/2015,4665,538,1,1,0,0
1,4,7/2/2015,5558,573,1,1,0,0
1,3,7/1/2015,5223,562,1,1,0,0
1,2,6/30/2015,5735,568,1,1,0,0
1,1,6/29/2015,5197,541,1,1,0,0
1,7,6/28/2015,0,0,0,0,0,0
1,6,6/27/2015,4019,463,1,0,0,0
1,5,6/26/2015,3317,420,1,0,0,0
1,4,6/25/2015,3533,433,1,0,0,0
1,3,6/24/2015,3346,414,1,0,0,0
1,2,6/23/2015,3762,447,1,0,0,0
1,1,6/22/2015,3846,489,1,0,0,0
1,7,6/21/2015,0,0,0,0,0,0
1,6,6/20/2015,4097,494,1,0,0,0
1,5,6/19/2015,4202,487,1,1,0,0
1,4,6/18/2015,4645,498,1,1,0,0
1,3,6/17/2015,4000,476,1,1,0,0
1,2,6/16/2015,4852,503,1,1,0,0
1,1,6/15/2015,5518,586,1,1,0,0
1,7,6/14/2015,0,0,0,0,0,0
1,6,6/13/2015,4256,502,1,0,0,0
1,5,6/12/2015,3695,422,1,0,0,0
1,4,6/11/2015,3627,442,1,0,0,0
1,3,6/10/2015,3591,453,1,0,0,0
1,2,6/9/2015,4102,485,1,0,0,0
1,1,6/8/2015,4071,502,1,0,0,0
1,7,6/7/2015,0,0,0,0,0,0
1,6,6/6/2015,4183,460,1,0,0,0
1,5,6/5/2015,5384,609,1,1,0,0
1,4,6/4/2015,0,0,0,1,a,0
1,3,6/3/2015,5809,616,1,1,0,0
1,2,6/2/2015,5450,590,1,1,0,0
1,1,6/1/2015,5774,607,1,1,0,0
1,7,5/31/2015,0,0,0,0,0,0
1,6,5/30/2015,5592,580,1,0,0,0
1,5,5/29/2015,4656,537,1,0,0,0
1,4,5/28/2015,4111,474,1,0,0,0
1,3,5/27/2015,4083,497,1,0,0,0
1,2,5/26/2015,4211,479,1,0,0,0
1,1,5/25/2015,0,0,0,0,a,0
1,7,5/24/2015,0,0,0,0,0,0
1,6,5/23/2015,4276,506,1,0,0,0
1,5,5/22/2015,4459,495,1,1,0,0
1,4,5/21/2015,3755,471,1,1,0,0
1,3,5/20/2015,4735,533,1,1,0,0
1,2,5/19/2015,5235,546,1,1,0,0
1,1,5/18/2015,5280,577,1,1,0,0
1,7,5/17/2015,0,0,0,0,0,0
1,6,5/16/2015,4431,505,1,0,0,0
1,5,5/15/2015,4178,523,1,0,0,0
1,4,5/14/2015,0,0,0,0,a,0
1,3,5/13/2015,3998,523,1,0,0,0
1,2,5/12/2015,3547,438,1,0,0,0
1,1,5/11/2015,3551,453,1,0,0,0
1,7,5/10/2015,0,0,0,0,0,0
1,6,5/9/2015,4945,596,1,0,0,0
1,5,5/8/2015,4683,536,1,1,0,0
1,4,5/7/2015,4529,491,1,1,0,0
1,3,5/6/2015,4960,536,1,1,0,0
1,2,5/5/2015,4564,514,1,1,0,0
1,1,5/4/2015,5591,589,1,1,0,0
1,7,5/3/2015,0,0,0,0,0,0
1,6,5/2/2015,5850,653,1,0,0,0
1,5,5/1/2015,0,0,0,1,a,0
1,4,4/30/2015,6228,650,1,1,0,0
1,3,4/29/2015,5775,579,1,1,0,0
1,2,4/28/2015,5199,552,1,1,0,0
1,1,4/27/2015,5575,574,1,1,0,0
1,7,4/26/2015,0,0,0,0,0,0
1,6,4/25/2015,4318,537,1,0,0,0
1,5,4/24/2015,3198,437,1,0,0,0
1,4,4/23/2015,3076,426,1,0,0,0
1,3,4/22/2015,3319,411,1,0,0,0
1,2,4/21/2015,3037,416,1,0,0,0
1,1,4/20/2015,3722,480,1,0,0,0
1,7,4/19/2015,0,0,0,0,0,0
1,6,4/18/2015,4594,544,1,0,0,0
1,5,4/17/2015,4718,511,1,1,0,0
1,4,4/16/2015,4116,480,1,1,0,0
1,3,4/15/2015,4110,501,1,1,0,0
1,2,4/14/2015,4648,535,1,1,0,0
1,1,4/13/2015,5377,574,1,1,0,0
1,7,4/12/2015,0,0,0,0,0,0
1,6,4/11/2015,4173,525,1,0,0,0
1,5,4/10/2015,3549,428,1,0,0,1
1,4,4/9/2015,3467,430,1,0,0,1
1,3,4/8/2015,4194,500,1,0,0,1
1,2,4/7/2015,4163,555,1,0,0,1
1,1,4/6/2015,0,0,0,0,b,1
1,7,4/5/2015,0,0,0,0,0,1
1,6,4/4/2015,6709,796,1,0,0,1
1,5,4/3/2015,0,0,0,1,b,1
1,4,4/2/2015,6574,722,1,1,0,1
1,3,4/1/2015,6816,707,1,1,0,1
1,2,3/31/2015,6206,589,1,1,0,1
1,1,3/30/2015,6714,697,1,1,0,1
1,7,3/29/2015,0,0,0,0,0,0
1,6,3/28/2015,5208,605,1,0,0,0
1,5,3/27/2015,4005,529,1,0,0,0
1,4,3/26/2015,3932,490,1,0,0,0
1,3,3/25/2015,3531,447,1,0,0,0
1,2,3/24/2015,3547,464,1,0,0,0
1,1,3/23/2015,3565,495,1,0,0,0
1,7,3/22/2015,0,0,0,0,0,0
1,6,3/21/2015,3909,506,1,0,0,0
1,5,3/20/2015,4057,472,1,1,0,0
1,4,3/19/2015,4748,535,1,1,0,0
1,3,3/18/2015,3858,504,1,1,0,0
1,2,3/17/2015,4806,555,1,1,0,0
1,1,3/16/2015,5695,605,1,1,0,0
1,7,3/15/2015,0,0,0,0,0,0
1,6,3/14/2015,5225,599,1,0,0,0
1,5,3/13/2015,3725,493,1,0,0,0
1,4,3/12/2015,3141,405,1,0,0,0
1,3,3/11/2015,4170,521,1,0,0,0
1,2,3/10/2015,3805,491,1,0,0,0
1,1,3/9/2015,3701,485,1,0,0,0
1,7,3/8/2015,0,0,0,0,0,0
1,6,3/7/2015,4592,570,1,0,0,0
1,5,3/6/2015,5397,579,1,1,0,0
1,4,3/5/2015,4419,534,1,1,0,0
1,3,3/4/2015,5568,597,1,1,0,0
1,2,3/3/2015,5451,576,1,1,0,0
1,1,3/2/2015,5942,669,1,1,0,0
1,7,3/1/2015,0,0,0,0,0,0
1,6,2/28/2015,5289,640,1,0,0,0
1,5,2/27/2015,4708,542,1,0,0,0
1,4,2/26/2015,4042,489,1,0,0,0
1,3,2/25/2015,3875,512,1,0,0,0
1,2,2/24/2015,4054,500,1,0,0,0
1,1,2/23/2015,3598,454,1,0,0,0
1,7,2/22/2015,0,0,0,0,0,0
1,6,2/21/2015,4475,547,1,0,0,0
1,5,2/20/2015,4651,548,1,1,0,0
1,4,2/19/2015,4460,507,1,1,0,0
1,3,2/18/2015,4180,509,1,1,0,0
1,2,2/17/2015,4833,512,1,1,0,0
1,1,2/16/2015,4303,478,1,1,0,0
1,7,2/15/2015,0,0,0,0,0,0
1,6,2/14/2015,5015,624,1,0,0,0
1,5,2/13/2015,4726,630,1,0,0,0
1,4,2/12/2015,3900,477,1,0,0,0
1,3,2/11/2015,3735,501,1,0,0,0
1,2,2/10/2015,3136,419,1,0,0,0
1,1,2/9/2015,3965,501,1,0,0,0
1,7,2/8/2015,0,0,0,0,0,0
1,6,2/7/2015,4663,599,1,0,0,0
1,5,2/6/2015,5022,604,1,1,0,0
1,4,2/5/2015,4394,551,1,1,0,0
1,3,2/4/2015,4672,544,1,1,0,0
1,2,2/3/2015,4901,596,1,1,0,0
1,1,2/2/2015,6038,669,1,1,0,0
1,7,2/1/2015,0,0,0,0,0,0
1,6,1/31/2015,5363,638,1,0,0,0
1,5,1/30/2015,5577,616,1,1,0,0
1,4,1/29/2015,5171,573,1,1,0,0
1,3,1/28/2015,4310,537,1,1,0,0
1,2,1/27/2015,4806,532,1,1,0,0
1,1,1/26/2015,4781,566,1,1,0,0
1,7,1/25/2015,0,0,0,0,0,0
1,6,1/24/2015,4840,600,1,0,0,0
1,5,1/23/2015,3586,489,1,0,0,0
1,4,1/22/2015,3492,493,1,0,0,0
1,3,1/21/2015,3299,460,1,0,0,0
1,2,1/20/2015,3680,462,1,0,0,0
1,1,1/19/2015,3721,480,1,0,0,0
1,7,1/18/2015,0,0,0,0,0,0
1,6,1/17/2015,5255,622,1,0,0,0
1,5,1/16/2015,4161,524,1,1,0,0
1,4,1/15/2015,4295,517,1,1,0,0
1,3,1/14/2015,4541,545,1,1,0,0
1,2,1/13/2015,4924,564,1,1,0,0
1,1,1/12/2015,5346,590,1,1,0,0
1,7,1/11/2015,0,0,0,0,0,0
1,6,1/10/2015,4599,566,1,0,0,0
1,5,1/9/2015,3998,494,1,1,0,1
1,4,1/8/2015,3716,457,1,1,0,1
1,3,1/7/2015,4796,603,1,1,0,1
1,2,1/6/2015,4574,595,1,1,0,1
1,1,1/5/2015,6239,712,1,1,0,1
1,7,1/4/2015,0,0,0,0,0,1
1,6,1/3/2015,5023,645,1,0,0,1
1,5,1/2/2015,5509,657,1,0,0,1
1,4,1/1/2015,0,0,0,0,a,1
1,3,12/31/2014,2605,327,1,0,0,1
1,2,12/30/2014,6466,703,1,0,0,1
1,1,12/29/2014,6463,700,1,0,0,1
1,7,12/28/2014,0,0,0,0,0,1
1,6,12/27/2014,6057,684,1,0,0,1
1,5,12/26/2014,0,0,0,0,c,1
1,4,12/25/2014,0,0,0,0,c,1
1,3,12/24/2014,3659,421,1,0,0,1
1,2,12/23/2014,7959,957,1,0,0,1
1,1,12/22/2014,9331,1080,1,0,0,1
1,7,12/21/2014,0,0,0,0,0,0
1,6,12/20/2014,8367,962,1,0,0,0
1,5,12/19/2014,7558,884,1,1,0,0
1,4,12/18/2014,7785,841,1,1,0,0
1,3,12/17/2014,7523,791,1,1,0,0
1,2,12/16/2014,7739,823,1,1,0,0
1,1,12/15/2014,8069,871,1,1,0,0
1,7,12/14/2014,0,0,0,0,0,0
1,6,12/13/2014,7263,850,1,0,0,0
1,5,12/12/2014,5269,617,1,0,0,0
1,4,12/11/2014,5060,587,1,0,0,0
1,3,12/10/2014,4915,619,1,0,0,0
1,2,12/9/2014,4345,559,1,0,0,0
1,1,12/8/2014,4884,610,1,0,0,0
1,7,12/7/2014,0,0,0,0,0,0
1,6,12/6/2014,6185,746,1,0,0,0
1,5,12/5/2014,6207,712,1,1,0,0
1,4,12/4/2014,7016,681,1,1,0,0
1,3,12/3/2014,6454,695,1,1,0,0
1,2,12/2/2014,6467,717,1,1,0,0
1,1,12/1/2014,7380,723,1,1,0,0
1,7,11/30/2014,0,0,0,0,0,0
1,6,11/29/2014,7066,749,1,0,0,0
1,5,11/28/2014,7195,711,1,1,0,0
1,4,11/27/2014,6144,668,1,1,0,0
1,3,11/26/2014,5328,611,1,1,0,0
1,2,11/25/2014,5815,610,1,1,0,0
1,1,11/24/2014,6527,694,1,1,0,0
1,7,11/23/2014,0,0,0,0,0,0
1,6,11/22/2014,5849,678,1,0,0,0
1,5,11/21/2014,4594,570,1,0,0,0
1,4,11/20/2014,4963,635,1,0,0,0
1,3,11/19/2014,3894,494,1,0,0,0
1,2,11/18/2014,3890,529,1,0,0,0
1,1,11/17/2014,3582,491,1,0,0,0
1,7,11/16/2014,0,0,0,0,0,0
1,6,11/15/2014,4967,614,1,0,0,0
1,5,11/14/2014,5334,603,1,1,0,0
1,4,11/13/2014,3869,471,1,1,0,0
1,3,11/12/2014,4677,533,1,1,0,0
1,2,11/11/2014,4479,555,1,1,0,0
1,1,11/10/2014,5474,578,1,1,0,0
1,7,11/9/2014,0,0,0,0,0,0
1,6,11/8/2014,4720,546,1,0,0,0
1,5,11/7/2014,5220,582,1,1,0,0
1,4,11/6/2014,4785,527,1,1,0,0
1,3,11/5/2014,4838,539,1,1,0,0
1,2,11/4/2014,5253,586,1,1,0,0
1,1,11/3/2014,5857,625,1,1,0,0
1,7,11/2/2014,0,0,0,0,0,0
1,6,11/1/2014,6532,731,1,0,0,0
1,5,10/31/2014,4161,512,1,0,0,1
1,4,10/30/2014,4042,492,1,0,0,1
1,3,10/29/2014,3761,449,1,0,0,1
1,2,10/28/2014,3364,439,1,0,0,1
1,1,10/27/2014,4260,475,1,0,0,1
1,7,10/26/2014,0,0,0,0,0,1
1,6,10/25/2014,4596,539,1,0,0,1
1,5,10/24/2014,4196,495,1,1,0,1
1,4,10/23/2014,4466,476,1,1,0,1
1,3,10/22/2014,4868,566,1,1,0,1
1,2,10/21/2014,4678,547,1,1,0,1
1,1,10/20/2014,4652,560,1,1,0,1
1,7,10/19/2014,0,0,0,0,0,0
1,6,10/18/2014,4169,497,1,0,0,0
1,5,10/17/2014,3720,500,1,0,0,0
1,4,10/16/2014,3430,436,1,0,0,0
1,3,10/15/2014,3775,451,1,0,0,0
1,2,10/14/2014,3681,476,1,0,0,0
1,1,10/13/2014,4033,492,1,0,0,0
1,7,10/12/2014,0,0,0,0,0,0
1,6,10/11/2014,4743,557,1,0,0,0
1,5,10/10/2014,4396,539,1,1,0,0
1,4,10/9/2014,4654,527,1,1,0,0
1,3,10/8/2014,4944,518,1,1,0,0
1,2,10/7/2014,5439,556,1,1,0,0
1,1,10/6/2014,5402,608,1,1,0,0
1,7,10/5/2014,0,0,0,0,0,0
1,6,10/4/2014,5355,621,1,0,0,0
1,5,10/3/2014,0,0,0,1,a,0
1,4,10/2/2014,5400,601,1,1,0,0
1,3,10/1/2014,4712,554,1,1,0,0
1,2,9/30/2014,4919,550,1,1,0,0
1,1,9/29/2014,5280,566,1,1,0,0
1,7,9/28/2014,0,0,0,0,0,0
1,6,9/27/2014,3914,464,1,0,0,0
1,5,9/26/2014,3518,442,1,0,0,0
1,4,9/25/2014,2462,378,1,0,0,0
1,3,9/24/2014,3405,465,1,0,0,0
1,2,9/23/2014,3407,437,1,0,0,0
1,1,9/22/2014,3982,466,1,0,0,0
1,7,9/21/2014,0,0,0,0,0,0
1,6,9/20/2014,3911,500,1,0,0,0
1,5,9/19/2014,4128,485,1,1,0,0
1,4,9/18/2014,3740,447,1,1,0,0
1,3,9/17/2014,4383,490,1,1,0,0
1,2,9/16/2014,4381,511,1,1,0,0
1,1,9/15/2014,4611,545,1,1,0,0
1,7,9/14/2014,0,0,0,0,0,0
1,6,9/13/2014,4270,508,1,0,0,0
1,5,9/12/2014,3906,501,1,0,0,0
1,4,9/11/2014,3392,437,1,0,0,0
1,3,9/10/2014,3275,448,1,0,0,0
1,2,9/9/2014,3377,439,1,0,0,0
1,1,9/8/2014,3676,530,1,0,0,0
1,7,9/7/2014,0,0,0,0,0,0
1,6,9/6/2014,3959,515,1,0,0,0
1,5,9/5/2014,4706,553,1,1,0,1
1,4,9/4/2014,4346,507,1,1,0,1
1,3,9/3/2014,4978,539,1,1,0,1
1,2,9/2/2014,5008,564,1,1,0,1
1,1,9/1/2014,5464,561,1,1,0,1
1,7,8/31/2014,0,0,0,0,0,1
1,6,8/30/2014,4094,518,1,0,0,1
1,5,8/29/2014,3869,439,1,0,0,1
1,4,8/28/2014,3920,467,1,0,0,1
1,3,8/27/2014,3148,421,1,0,0,1
1,2,8/26/2014,3396,460,1,0,0,1
1,1,8/25/2014,3414,449,1,0,0,1
1,7,8/24/2014,0,0,0,0,0,1
1,6,8/23/2014,3582,469,1,0,0,1
1,5,8/22/2014,3971,461,1,1,0,1
1,4,8/21/2014,4327,484,1,1,0,1
1,3,8/20/2014,4280,467,1,1,0,1
1,2,8/19/2014,5190,528,1,1,0,1
1,1,8/18/2014,5623,598,1,1,0,1
1,7,8/17/2014,0,0,0,0,0,1
1,6,8/16/2014,4425,544,1,0,0,1
1,5,8/15/2014,3746,479,1,0,0,1
1,4,8/14/2014,3906,481,1,0,0,1
1,3,8/13/2014,4069,496,1,0,0,1
1,2,8/12/2014,3185,421,1,0,0,1
1,1,8/11/2014,3886,505,1,0,0,1
1,7,8/10/2014,0,0,0,0,0,1
1,6,8/9/2014,4174,504,1,0,0,1
1,5,8/8/2014,4451,503,1,1,0,1
1,4,8/7/2014,4154,480,1,1,0,1
1,3,8/6/2014,5337,575,1,1,0,1
1,2,8/5/2014,5433,620,1,1,0,1
1,1,8/4/2014,5655,592,1,1,0,1
1,7,8/3/2014,0,0,0,0,0,1
1,6,8/2/2014,4731,555,1,0,0,1
1,5,8/1/2014,5038,572,1,1,0,1
1,4,7/31/2014,5106,575,1,1,0,0
1,3,7/30/2014,5487,587,1,1,0,1
1,2,7/29/2014,5252,591,1,1,0,1
1,1,7/28/2014,5372,584,1,1,0,1
1,7,7/27/2014,0,0,0,0,0,0
1,6,7/26/2014,4266,488,1,0,0,0
1,5,7/25/2014,3858,461,1,0,0,0
1,4,7/24/2014,3557,494,1,0,0,0
1,3,7/23/2014,3806,476,1,0,0,0
1,2,7/22/2014,3933,495,1,0,0,0
1,1,7/21/2014,4507,528,1,0,0,0
1,7,7/20/2014,0,0,0,0,0,0
1,6,7/19/2014,4084,477,1,0,0,0
1,5,7/18/2014,4609,506,1,1,0,0
1,4,7/17/2014,4685,525,1,1,0,0
1,3,7/16/2014,5424,566,1,1,0,0
1,2,7/15/2014,5298,538,1,1,0,0
1,1,7/14/2014,5083,532,1,1,0,0
1,7,7/13/2014,0,0,0,0,0,0
1,6,7/12/2014,4409,531,1,0,0,0
1,5,7/11/2014,4020,463,1,0,0,0
1,4,7/10/2014,3741,472,1,0,0,0
1,3,7/9/2014,3547,485,1,0,0,0
1,2,7/8/2014,4081,510,1,0,0,0
1,1,7/7/2014,4223,505,1,0,0,0
1,7,7/6/2014,0,0,0,0,0,0
1,6,7/5/2014,5176,589,1,0,0,0
1,5,7/4/2014,4025,450,1,1,0,0
1,4,7/3/2014,4756,514,1,1,0,0
1,3,7/2/2014,5161,560,1,1,0,0
1,2,7/1/2014,5138,533,1,1,0,0
1,1,6/30/2014,5738,641,1,1,0,0
1,7,6/29/2014,0,0,0,0,0,0
1,6,6/28/2014,5162,566,1,0,0,0
1,5,6/27/2014,4019,501,1,0,0,0
1,4,6/26/2014,2749,368,1,0,0,0
1,3,6/25/2014,3727,440,1,0,0,0
1,2,6/24/2014,3351,444,1,0,0,0
1,1,6/23/2014,3755,456,1,0,0,0
1,7,6/22/2014,0,0,0,0,0,0
1,6,6/21/2014,3982,496,1,0,0,0
1,5,6/20/2014,6362,709,1,1,0,0
1,4,6/19/2014,0,0,0,1,a,0
1,3,6/18/2014,5256,567,1,1,0,0
1,2,6/17/2014,5770,594,1,1,0,0
1,1,6/16/2014,4788,529,1,1,0,0
1,7,6/15/2014,0,0,0,0,0,0
1,6,6/14/2014,4757,562,1,0,0,0
1,5,6/13/2014,3901,498,1,0,0,0
1,4,6/12/2014,3702,489,1,0,0,0
1,3,6/11/2014,4207,535,1,0,0,0
1,2,6/10/2014,4607,560,1,0,0,0
1,1,6/9/2014,0,0,0,0,a,0
1,7,6/8/2014,0,0,0,0,0,0
1,6,6/7/2014,4923,555,1,0,0,0
1,5,6/6/2014,4957,575,1,1,0,0
1,4,6/5/2014,5278,585,1,1,0,0
1,3,6/4/2014,5229,570,1,1,0,0
1,2,6/3/2014,5614,593,1,1,0,0
1,1,6/2/2014,6071,609,1,1,0,0
1,7,6/1/2014,0,0,0,0,0,0
1,6,5/31/2014,4985,560,1,0,0,0
1,5,5/30/2014,5407,628,1,0,0,0
1,4,5/29/2014,0,0,0,0,a,0
1,3,5/28/2014,4616,581,1,0,0,0
1,2,5/27/2014,3971,511,1,0,0,0
1,1,5/26/2014,3912,494,1,0,0,0
1,7,5/25/2014,0,0,0,0,0,0
1,6,5/24/2014,4574,516,1,0,0,0
1,5,5/23/2014,4968,526,1,1,0,0
1,4,5/22/2014,3801,481,1,1,0,0
1,3,5/21/2014,4298,510,1,1,0,0
1,2,5/20/2014,4909,549,1,1,0,0
1,1,5/19/2014,5637,608,1,1,0,0
1,7,5/18/2014,0,0,0,0,0,0
1,6,5/17/2014,3785,512,1,0,0,0
1,5,5/16/2014,3863,479,1,0,0,0
1,4,5/15/2014,3589,491,1,0,0,0
1,3,5/14/2014,3710,474,1,0,0,0
1,2,5/13/2014,3535,449,1,0,0,0
1,1,5/12/2014,3957,555,1,0,0,0
1,7,5/11/2014,0,0,0,0,0,0
1,6,5/10/2014,5996,710,1,0,0,0
1,5,5/9/2014,5237,622,1,1,0,0
1,4,5/8/2014,5222,614,1,1,0,0
1,3,5/7/2014,5075,604,1,1,0,0
1,2,5/6/2014,5055,585,1,1,0,0
1,1,5/5/2014,5325,615,1,1,0,0
1,7,5/4/2014,0,0,0,0,0,0
1,6,5/3/2014,5498,633,1,0,0,0
1,5,5/2/2014,6790,732,1,1,0,0
1,4,5/1/2014,0,0,0,1,a,0
1,3,4/30/2014,5870,624,1,1,0,0
1,2,4/29/2014,5923,628,1,1,0,0
1,1,4/28/2014,5488,607,1,1,0,0
1,7,4/27/2014,0,0,0,0,0,0
1,6,4/26/2014,3989,535,1,0,0,0
1,5,4/25/2014,3710,468,1,0,0,1
1,4,4/24/2014,3376,461,1,0,0,1
1,3,4/23/2014,3482,434,1,0,0,1
1,2,4/22/2014,4133,563,1,0,0,1
1,1,4/21/2014,0,0,0,0,b,1
1,7,4/20/2014,0,0,0,0,0,1
1,6,4/19/2014,5871,642,1,0,0,1
1,5,4/18/2014,0,0,0,1,b,1
1,4,4/17/2014,6160,703,1,1,0,1
1,3,4/16/2014,6381,662,1,1,0,1
1,2,4/15/2014,6196,672,1,1,0,1
1,1,4/14/2014,6803,693,1,1,0,1
1,7,4/13/2014,0,0,0,0,0,0
1,6,4/12/2014,4435,570,1,0,0,0
1,5,4/11/2014,3733,507,1,0,0,0
1,4,4/10/2014,3948,501,1,0,0,0
1,3,4/9/2014,3919,528,1,0,0,0
1,2,4/8/2014,3990,496,1,0,0,0
1,1,4/7/2014,3751,497,1,0,0,0
1,7,4/6/2014,0,0,0,0,0,0
1,6,4/5/2014,4599,571,1,0,0,0
1,5,4/4/2014,4738,552,1,1,0,0
1,4,4/3/2014,4556,526,1,1,0,0
1,3,4/2/2014,4834,539,1,1,0,0
1,2,4/1/2014,5407,583,1,1,0,0
1,1,3/31/2014,6008,640,1,1,0,0
1,7,3/30/2014,0,0,0,0,0,0
1,6,3/29/2014,4583,548,1,0,0,0
1,5,3/28/2014,3987,471,1,0,0,0
1,4,3/27/2014,3847,512,1,0,0,0
1,3,3/26/2014,3225,443,1,0,0,0
1,2,3/25/2014,3136,448,1,0,0,0
1,1,3/24/2014,3850,511,1,0,0,0
1,7,3/23/2014,0,0,0,0,0,0
1,6,3/22/2014,5241,628,1,0,0,0
1,5,3/21/2014,4510,542,1,1,0,0
1,4,3/20/2014,4023,485,1,1,0,0
1,3,3/19/2014,4036,496,1,1,0,0
1,2,3/18/2014,5200,635,1,1,0,0
1,1,3/17/2014,5563,628,1,1,0,0
1,7,3/16/2014,0,0,0,0,0,0
1,6,3/15/2014,5042,630,1,0,0,0
1,5,3/14/2014,3883,502,1,0,0,0
1,4,3/13/2014,3224,450,1,0,0,0
1,3,3/12/2014,3805,499,1,0,0,0
1,2,3/11/2014,3588,476,1,0,0,0
1,1,3/10/2014,3573,469,1,0,0,0
1,7,3/9/2014,0,0,0,0,0,0
1,6,3/8/2014,4400,550,1,0,0,0
1,5,3/7/2014,5340,588,1,1,0,0
1,4,3/6/2014,4585,542,1,1,0,0
1,3,3/5/2014,4916,592,1,1,0,0
1,2,3/4/2014,5397,619,1,1,0,0
1,1,3/3/2014,6198,616,1,1,0,0
1,7,3/2/2014,0,0,0,0,0,0
1,6,3/1/2014,5307,655,1,0,0,0
1,5,2/28/2014,5031,603,1,0,0,0
1,4,2/27/2014,3826,519,1,0,0,0
1,3,2/26/2014,4108,491,1,0,0,0
1,2,2/25/2014,3499,470,1,0,0,0
1,1,2/24/2014,3826,481,1,0,0,0
1,7,2/23/2014,0,0,0,0,0,0
1,6,2/22/2014,4820,623,1,0,0,0
1,5,2/21/2014,4727,550,1,1,0,0
1,4,2/20/2014,4563,559,1,1,0,0
1,3,2/19/2014,4935,547,1,1,0,0
1,2,2/18/2014,4602,556,1,1,0,0
1,1,2/17/2014,5393,606,1,1,0,0
1,7,2/16/2014,0,0,0,0,0,0
1,6,2/15/2014,5258,655,1,0,0,0
1,5,2/14/2014,4647,591,1,0,0,0
1,4,2/13/2014,3638,517,1,0,0,0
1,3,2/12/2014,3662,508,1,0,0,0
1,2,2/11/2014,3461,481,1,0,0,0
1,1,2/10/2014,3591,502,1,0,0,0
1,7,2/9/2014,0,0,0,0,0,0
1,6,2/8/2014,4726,620,1,0,0,0
1,5,2/7/2014,5596,636,1,1,0,0
1,4,2/6/2014,4823,557,1,1,0,0
1,3,2/5/2014,5031,581,1,1,0,0
1,2,2/4/2014,5540,602,1,1,0,0
1,1,2/3/2014,5839,638,1,1,0,0
1,7,2/2/2014,0,0,0,0,0,0
1,6,2/1/2014,5292,667,1,0,0,0
1,5,1/31/2014,4906,589,1,0,0,0
1,4,1/30/2014,4549,543,1,0,0,0
1,3,1/29/2014,3789,491,1,0,0,0
1,2,1/28/2014,3581,453,1,0,0,0
1,1,1/27/2014,3601,517,1,0,0,0
1,7,1/26/2014,0,0,0,0,0,0
1,6,1/25/2014,4546,561,1,0,0,0
1,5,1/24/2014,5098,587,1,1,0,0
1,4,1/23/2014,4597,525,1,1,0,0
1,3,1/22/2014,4562,549,1,1,0,0
1,2,1/21/2014,5151,551,1,1,0,0
1,1,1/20/2014,6148,653,1,1,0,0
1,7,1/19/2014,0,0,0,0,0,0
1,6,1/18/2014,5128,630,1,0,0,0
1,5,1/17/2014,3803,479,1,0,0,0
1,4,1/16/2014,3632,477,1,0,0,0
1,3,1/15/2014,3776,486,1,0,0,0
1,2,1/14/2014,3621,464,1,0,0,0
1,1,1/13/2014,3994,545,1,0,0,0
1,7,1/12/2014,0,0,0,0,0,0
1,6,1/11/2014,4454,569,1,0,0,0
1,5,1/10/2014,4486,559,1,1,0,1
1,4,1/9/2014,4396,539,1,1,0,1
1,3,1/8/2014,4931,589,1,1,0,1
1,2,1/7/2014,5539,607,1,1,0,1
1,1,1/6/2014,6194,649,1,1,0,1
1,7,1/5/2014,0,0,0,0,0,1
1,6,1/4/2014,5173,660,1,0,0,1
1,5,1/3/2014,4190,552,1,0,0,1
1,4,1/2/2014,4969,618,1,0,0,1
1,3,1/1/2014,0,0,0,0,a,1
1,2,12/31/2013,2362,298,1,0,0,1
1,1,12/30/2013,7193,796,1,0,0,1
1,7,12/29/2013,0,0,0,0,0,1
1,6,12/28/2013,5659,716,1,0,0,1
1,5,12/27/2013,6110,737,1,0,0,1
1,4,12/26/2013,0,0,0,0,c,1
1,3,12/25/2013,0,0,0,0,c,1
1,2,12/24/2013,3204,385,1,0,0,1
1,1,12/23/2013,9528,1130,1,0,0,1
1,7,12/22/2013,0,0,0,0,0,0
1,6,12/21/2013,8043,927,1,0,0,0
1,5,12/20/2013,8414,895,1,1,0,0
1,4,12/19/2013,6788,782,1,1,0,0
1,3,12/18/2013,7821,828,1,1,0,0
1,2,12/17/2013,7356,808,1,1,0,0
1,1,12/16/2013,8277,825,1,1,0,0
1,7,12/15/2013,0,0,0,0,0,0
1,6,12/14/2013,6119,743,1,0,0,0
1,5,12/13/2013,4703,594,1,0,0,0
1,4,12/12/2013,4074,558,1,0,0,0
1,3,12/11/2013,4301,543,1,0,0,0
1,2,12/10/2013,4228,581,1,0,0,0
1,1,12/9/2013,4462,576,1,0,0,0
1,7,12/8/2013,0,0,0,0,0,0
1,6,12/7/2013,5799,723,1,0,0,0
1,5,12/6/2013,6112,673,1,1,0,0
1,4,12/5/2013,5691,685,1,1,0,0
1,3,12/4/2013,5688,627,1,1,0,0
1,2,12/3/2013,6293,658,1,1,0,0
1,1,12/2/2013,6943,754,1,1,0,0
1,7,12/1/2013,0,0,0,0,0,0
1,6,11/30/2013,6373,730,1,0,0,0
1,5,11/29/2013,5623,665,1,0,0,0
1,4,11/28/2013,4614,585,1,0,0,0
1,3,11/27/2013,4561,530,1,0,0,0
1,2,11/26/2013,4201,524,1,0,0,0
1,1,11/25/2013,4600,575,1,0,0,0
1,7,11/24/2013,0,0,0,0,0,0
1,6,11/23/2013,5297,614,1,0,0,0
1,5,11/22/2013,5058,581,1,1,0,0
1,4,11/21/2013,4623,545,1,1,0,0
1,3,11/20/2013,4936,586,1,1,0,0
1,2,11/19/2013,5143,583,1,1,0,0
1,1,11/18/2013,5927,681,1,1,0,0
1,7,11/17/2013,0,0,0,0,0,0
1,6,11/16/2013,5071,616,1,0,0,0
1,5,11/15/2013,4016,504,1,0,0,0
1,4,11/14/2013,3795,502,1,0,0,0
1,3,11/13/2013,3310,464,1,0,0,0
1,2,11/12/2013,4017,507,1,0,0,0
1,1,11/11/2013,4014,519,1,0,0,0
1,7,11/10/2013,0,0,0,0,0,0
1,6,11/9/2013,4681,582,1,0,0,0
1,5,11/8/2013,5242,583,1,1,0,0
1,4,11/7/2013,5009,575,1,1,0,0
1,3,11/6/2013,5572,611,1,1,0,0
1,2,11/5/2013,5348,628,1,1,0,0
1,1,11/4/2013,5861,620,1,1,0,0
1,7,11/3/2013,0,0,0,0,0,0
1,6,11/2/2013,5233,653,1,0,0,0
1,5,11/1/2013,5471,707,1,0,0,0
1,4,10/31/2013,4035,514,1,0,0,0
1,3,10/30/2013,4119,496,1,0,0,0
1,2,10/29/2013,3737,479,1,0,0,0
1,1,10/28/2013,3557,494,1,0,0,0
1,7,10/27/2013,0,0,0,0,0,0
1,6,10/26/2013,4347,535,1,0,0,0
1,5,10/25/2013,4573,576,1,1,0,1
1,4,10/24/2013,4044,498,1,1,0,1
1,3,10/23/2013,4612,505,1,1,0,1
1,2,10/22/2013,4068,504,1,1,0,1
1,1,10/21/2013,5055,571,1,1,0,1
1,7,10/20/2013,0,0,0,0,0,1
1,6,10/19/2013,3667,479,1,0,0,1
1,5,10/18/2013,3566,490,1,0,0,1
1,4,10/17/2013,3223,446,1,0,0,1
1,3,10/16/2013,3383,452,1,0,0,1
1,2,10/15/2013,3355,457,1,0,0,1
1,1,10/14/2013,3773,478,1,0,0,1
1,7,10/13/2013,0,0,0,0,0,0
1,6,10/12/2013,4954,608,1,0,0,0
1,5,10/11/2013,5896,670,1,1,0,0
1,4,10/10/2013,5286,596,1,1,0,0
1,3,10/9/2013,4957,596,1,1,0,0
1,2,10/8/2013,5452,592,1,1,0,0
1,1,10/7/2013,6004,626,1,1,0,0
1,7,10/6/2013,0,0,0,0,0,0
1,6,10/5/2013,5352,662,1,0,0,0
1,5,10/4/2013,5447,619,1,0,0,0
1,4,10/3/2013,0,0,0,0,a,0
1,3,10/2/2013,4001,509,1,0,0,0
1,2,10/1/2013,4178,508,1,0,0,0
1,1,9/30/2013,4088,516,1,0,0,0
1,7,9/29/2013,0,0,0,0,0,0
1,6,9/28/2013,4175,538,1,0,0,0
1,5,9/27/2013,4669,548,1,1,0,0
1,4,9/26/2013,4481,537,1,1,0,0
1,3,9/25/2013,4212,500,1,1,0,0
1,2,9/24/2013,4274,492,1,1,0,0
1,1,9/23/2013,4770,542,1,1,0,0
1,7,9/22/2013,0,0,0,0,0,0
1,6,9/21/2013,3909,522,1,0,0,0
1,5,9/20/2013,3516,494,1,0,0,0
1,4,9/19/2013,3717,469,1,0,0,0
1,3,9/18/2013,3946,507,1,0,0,0
1,2,9/17/2013,3685,502,1,0,0,0
1,1,9/16/2013,4249,568,1,0,0,0
1,7,9/15/2013,0,0,0,0,0,0
1,6,9/14/2013,4663,619,1,0,0,0
1,5,9/13/2013,5187,559,1,1,0,0
1,4,9/12/2013,5079,586,1,1,0,0
1,3,9/11/2013,5103,580,1,1,0,0
1,2,9/10/2013,5403,599,1,1,0,0
1,1,9/9/2013,5893,601,1,1,0,0
1,7,9/8/2013,0,0,0,0,0,0
1,6,9/7/2013,4663,555,1,0,0,0
1,5,9/6/2013,3836,466,1,0,0,0
1,4,9/5/2013,3883,465,1,0,0,0
1,3,9/4/2013,3343,444,1,0,0,0
1,2,9/3/2013,3928,507,1,0,0,0
1,1,9/2/2013,4195,496,1,0,0,0
1,7,9/1/2013,0,0,0,0,0,0
1,6,8/31/2013,5317,598,1,0,0,0
1,5,8/30/2013,5469,612,1,1,0,0
1,4,8/29/2013,4804,534,1,1,0,0
1,3,8/28/2013,4583,507,1,1,0,0
1,2,8/27/2013,5156,556,1,1,0,0
1,1,8/26/2013,5482,613,1,1,0,0
1,7,8/25/2013,0,0,0,0,0,0
1,6,8/24/2013,4752,601,1,0,0,0
1,5,8/23/2013,3493,445,1,0,0,0
1,4,8/22/2013,3703,498,1,0,0,0
1,3,8/21/2013,3096,441,1,0,0,0
1,2,8/20/2013,3492,475,1,0,0,0
1,1,8/19/2013,3954,513,1,0,0,0
1,7,8/18/2013,0,0,0,0,0,0
1,6,8/17/2013,4078,503,1,0,0,0
1,5,8/16/2013,4552,527,1,1,0,1
1,4,8/15/2013,4575,538,1,1,0,1
1,3,8/14/2013,4724,574,1,1,0,1
1,2,8/13/2013,5299,573,1,1,0,1
1,1,8/12/2013,5326,600,1,1,0,1
1,7,8/11/2013,0,0,0,0,0,1
1,6,8/10/2013,3768,457,1,0,0,1
1,5,8/9/2013,3257,418,1,0,0,1
1,4,8/8/2013,3680,466,1,0,0,1
1,3,8/7/2013,4143,512,1,0,0,1
1,2,8/6/2013,3582,477,1,0,0,1
1,1,8/5/2013,4086,522,1,0,0,1
1,7,8/4/2013,0,0,0,0,0,1
1,6,8/3/2013,4461,553,1,0,0,1
1,5,8/2/2013,4494,562,1,1,0,1
1,4,8/1/2013,4994,555,1,1,0,1
1,3,7/31/2013,5572,624,1,1,0,1
1,2,7/30/2013,5773,630,1,1,0,1
1,1,7/29/2013,6290,630,1,1,0,1
1,7,7/28/2013,0,0,0,0,0,1
1,6,7/27/2013,3352,456,1,0,0,1
1,5,7/26/2013,4221,516,1,0,0,1
1,4,7/25/2013,3502,451,1,0,0,1
1,3,7/24/2013,3849,453,1,0,0,1
1,2,7/23/2013,3937,497,1,0,0,1
1,1,7/22/2013,4149,493,1,0,0,1
1,7,7/21/2013,0,0,0,0,0,1
1,6,7/20/2013,4421,544,1,0,0,1
1,5,7/19/2013,4275,495,1,1,0,1
1,4,7/18/2013,4904,533,1,1,0,1
1,3,7/17/2013,4946,544,1,1,0,1
1,2,7/16/2013,5643,582,1,1,0,1
1,1,7/15/2013,6377,657,1,1,0,1
1,7,7/14/2013,0,0,0,0,0,1
1,6,7/13/2013,4015,490,1,0,0,1
1,5,7/12/2013,4134,514,1,0,0,1
1,4,7/11/2013,4053,486,1,0,0,1
1,3,7/10/2013,3963,496,1,0,0,1
1,2,7/9/2013,4047,503,1,0,0,1
1,1,7/8/2013,4475,523,1,0,0,1
1,7,7/7/2013,0,0,0,0,0,1
1,6,7/6/2013,4090,498,1,0,0,1
1,5,7/5/2013,4986,603,1,1,0,0
1,4,7/4/2013,5701,634,1,1,0,0
1,3,7/3/2013,5875,634,1,1,0,0
1,2,7/2/2013,5868,614,1,1,0,0
1,1,7/1/2013,5614,614,1,1,0,0
1,7,6/30/2013,0,0,0,0,0,0
1,6,6/29/2013,5804,671,1,0,0,0
1,5,6/28/2013,4407,568,1,0,0,0
1,4,6/27/2013,3593,464,1,0,0,0
1,3,6/26/2013,3827,508,1,0,0,0
1,2,6/25/2013,4536,528,1,0,0,0
1,1,6/24/2013,3549,494,1,0,0,0
1,7,6/23/2013,0,0,0,0,0,0
1,6,6/22/2013,4341,512,1,0,0,0
1,5,6/21/2013,5173,542,1,1,0,0
1,4,6/20/2013,5011,539,1,1,0,0
1,3,6/19/2013,4180,517,1,1,0,0
1,2,6/18/2013,4633,554,1,1,0,0
1,1,6/17/2013,5337,585,1,1,0,0
1,7,6/16/2013,0,0,0,0,0,0
1,6,6/15/2013,4766,567,1,0,0,0
1,5,6/14/2013,4150,529,1,0,0,0
1,4,6/13/2013,3661,461,1,0,0,0
1,3,6/12/2013,3563,476,1,0,0,0
1,2,6/11/2013,3784,500,1,0,0,0
1,1,6/10/2013,4291,531,1,0,0,0
1,7,6/9/2013,0,0,0,0,0,0
1,6,6/8/2013,4262,511,1,0,0,0
1,5,6/7/2013,4315,541,1,1,0,0
1,4,6/6/2013,4881,555,1,1,0,0
1,3,6/5/2013,5012,575,1,1,0,0
1,2,6/4/2013,5220,558,1,1,0,0
1,1,6/3/2013,5422,619,1,1,0,0
1,7,6/2/2013,0,0,0,0,0,0
1,6,6/1/2013,5693,662,1,0,0,0
1,5,5/31/2013,7893,795,1,1,0,0
1,4,5/30/2013,0,0,0,1,a,0
1,3,5/29/2013,5784,641,1,1,0,0
1,2,5/28/2013,4995,555,1,1,0,0
1,1,5/27/2013,5519,606,1,1,0,0
1,7,5/26/2013,0,0,0,0,0,0
1,6,5/25/2013,4408,538,1,0,0,0
1,5,5/24/2013,4232,534,1,0,0,0
1,4,5/23/2013,4030,536,1,0,0,0
1,3,5/22/2013,3559,507,1,0,0,0
1,2,5/21/2013,4789,602,1,0,0,0
1,1,5/20/2013,0,0,0,0,a,0
1,7,5/19/2013,0,0,0,0,0,0
1,6,5/18/2013,4413,535,1,0,0,0
1,5,5/17/2013,4856,597,1,1,0,0
1,4,5/16/2013,4448,544,1,1,0,0
1,3,5/15/2013,4790,576,1,1,0,0
1,2,5/14/2013,5083,574,1,1,0,0
1,1,5/13/2013,6106,660,1,1,0,0
1,7,5/12/2013,0,0,0,0,0,0
1,6,5/11/2013,5064,640,1,0,0,0
1,5,5/10/2013,5409,644,1,0,0,0
1,4,5/9/2013,0,0,0,0,a,0
1,3,5/8/2013,5230,631,1,0,0,0
1,2,5/7/2013,4624,540,1,0,0,0
1,1,5/6/2013,4568,562,1,0,0,0
1,7,5/5/2013,0,0,0,0,0,0
1,6,5/4/2013,5912,813,1,0,0,0
1,5,5/3/2013,6027,658,1,1,0,0
1,4,5/2/2013,6486,677,1,1,0,0
1,3,5/1/2013,0,0,0,1,a,0
1,2,4/30/2013,5925,665,1,1,0,0
1,1,4/29/2013,5821,641,1,1,0,0
1,7,4/28/2013,0,0,0,0,0,0
1,6,4/27/2013,5726,650,1,0,0,0
1,5,4/26/2013,4841,572,1,1,0,0
1,4,4/25/2013,3939,532,1,1,0,0
1,3,4/24/2013,4309,512,1,1,0,0
1,2,4/23/2013,4492,560,1,1,0,0
1,1,4/22/2013,5672,623,1,1,0,0
1,7,4/21/2013,0,0,0,0,0,0
1,6,4/20/2013,4350,546,1,0,0,0
1,5,4/19/2013,4303,526,1,0,0,0
1,4,4/18/2013,2952,432,1,0,0,0
1,3,4/17/2013,3649,500,1,0,0,0
1,2,4/16/2013,3357,453,1,0,0,0
1,1,4/15/2013,3941,526,1,0,0,0
1,7,4/14/2013,0,0,0,0,0,0
1,6,4/13/2013,4773,608,1,0,0,0
1,5,4/12/2013,5263,614,1,1,0,0
1,4,4/11/2013,4366,541,1,1,0,0
1,3,4/10/2013,4903,575,1,1,0,0
1,2,4/9/2013,5514,594,1,1,0,0
1,1,4/8/2013,6046,695,1,1,0,0
1,7,4/7/2013,0,0,0,0,0,0
1,6,4/6/2013,5075,657,1,0,0,0
1,5,4/5/2013,4390,571,1,0,0,1
1,4,4/4/2013,4293,566,1,0,0,1
1,3,4/3/2013,4625,594,1,0,0,1
1,2,4/2/2013,5484,629,1,0,0,1
1,1,4/1/2013,0,0,0,0,b,1
1,7,3/31/2013,0,0,0,0,0,0
1,6,3/30/2013,7132,773,1,0,0,0
1,5,3/29/2013,0,0,0,1,b,1
1,4,3/28/2013,7285,902,1,1,0,1
1,3,3/27/2013,6660,779,1,1,0,1
1,2,3/26/2013,6686,747,1,1,0,1
1,1,3/25/2013,6729,777,1,1,0,1
1,7,3/24/2013,0,0,0,0,0,0
1,6,3/23/2013,5603,682,1,0,0,0
1,5,3/22/2013,5506,694,1,1,0,0
1,4,3/21/2013,5179,662,1,1,0,0
1,3,3/20/2013,5598,688,1,1,0,0
1,2,3/19/2013,6563,719,1,1,0,0
1,1,3/18/2013,7072,778,1,1,0,0
1,7,3/17/2013,0,0,0,0,0,0
1,6,3/16/2013,5003,680,1,0,0,0
1,5,3/15/2013,4925,677,1,0,0,0
1,4,3/14/2013,5108,660,1,0,0,0
1,3,3/13/2013,4341,622,1,0,0,0
1,2,3/12/2013,3853,491,1,0,0,0
1,1,3/11/2013,4949,618,1,0,0,0
1,7,3/10/2013,0,0,0,0,0,0
1,6,3/9/2013,5578,734,1,0,0,0
1,5,3/8/2013,5853,694,1,1,0,0
1,4,3/7/2013,5637,702,1,1,0,0
1,3,3/6/2013,5973,678,1,1,0,0
1,2,3/5/2013,6300,715,1,1,0,0
1,1,3/4/2013,7675,840,1,1,0,0
1,7,3/3/2013,0,0,0,0,0,0
1,6,3/2/2013,5350,678,1,0,0,0
1,5,3/1/2013,4611,584,1,0,0,0
1,4,2/28/2013,4676,581,1,0,0,0
1,3,2/27/2013,4558,579,1,0,0,0
1,2,2/26/2013,3794,525,1,0,0,0
1,1,2/25/2013,4038,534,1,0,0,0
1,7,2/24/2013,0,0,0,0,0,0
1,6,2/23/2013,5237,650,1,0,0,0
1,5,2/22/2013,5000,599,1,1,0,0
1,4,2/21/2013,5261,629,1,1,0,0
1,3,2/20/2013,5660,684,1,1,0,0
1,2,2/19/2013,5386,608,1,1,0,0
1,1,2/18/2013,6407,710,1,1,0,0
1,7,2/17/2013,0,0,0,0,0,0
1,6,2/16/2013,6154,682,1,0,0,0
1,5,2/15/2013,4809,607,1,0,0,0
1,4,2/14/2013,4241,573,1,0,0,0
1,3,2/13/2013,4252,604,1,0,0,0
1,2,2/12/2013,4015,572,1,0,0,0
1,1,2/11/2013,4409,599,1,0,0,0
1,7,2/10/2013,0,0,0,0,0,0
1,6,2/9/2013,5370,656,1,0,0,0
1,5,2/8/2013,5681,630,1,1,0,0
1,4,2/7/2013,5499,675,1,1,0,0
1,3,2/6/2013,6140,693,1,1,0,0
1,2,2/5/2013,6049,678,1,1,0,0
1,1,2/4/2013,7032,762,1,1,0,0
1,7,2/3/2013,0,0,0,0,0,0
1,6,2/2/2013,5970,701,1,0,0,0
1,5,2/1/2013,5633,658,1,0,0,0
1,4,1/31/2013,4709,571,1,0,0,0
1,3,1/30/2013,4601,560,1,0,0,0
1,2,1/29/2013,3725,522,1,0,0,0
1,1,1/28/2013,4055,549,1,0,0,0
1,7,1/27/2013,0,0,0,0,0,0
1,6,1/26/2013,5598,640,1,0,0,0
1,5,1/25/2013,5586,676,1,1,0,0
1,4,1/24/2013,5195,645,1,1,0,0
1,3,1/23/2013,5578,627,1,1,0,0
1,2,1/22/2013,5720,667,1,1,0,0
1,1,1/21/2013,5394,607,1,1,0,0
1,7,1/20/2013,0,0,0,0,0,0
1,6,1/19/2013,5182,688,1,0,0,0
1,5,1/18/2013,4127,568,1,0,0,0
1,4,1/17/2013,4044,503,1,0,0,0
1,3,1/16/2013,4008,530,1,0,0,0
1,2,1/15/2013,3900,512,1,0,0,0
1,1,1/14/2013,4717,616,1,0,0,0
1,7,1/13/2013,0,0,0,0,0,0
1,6,1/12/2013,4952,646,1,0,0,0
1,5,1/11/2013,4881,592,1,1,0,1
1,4,1/10/2013,4892,615,1,1,0,1
1,3,1/9/2013,5471,626,1,1,0,1
1,2,1/8/2013,5580,654,1,1,0,1
1,1,1/7/2013,7176,785,1,1,0,1
1,7,1/6/2013,0,0,0,0,0,1
1,6,1/5/2013,4997,635,1,0,0,1
1,5,1/4/2013,4486,619,1,0,0,1
1,4,1/3/2013,4327,578,1,0,0,1
1,3,1/2/2013,5530,668,1,0,0,1
1,2,1/1/2013,0,0,0,0,a,1
2,5,7/31/2015,6064,625,1,1,0,1
2,4,7/30/2015,5567,601,1,1,0,1
2,3,7/29/2015,6402,727,1,1,0,1
2,2,7/28/2015,5671,646,1,1,0,1
2,1,7/27/2015,6627,638,1,1,0,1
2,7,7/26/2015,0,0,0,0,0,0
2,6,7/25/2015,2512,316,1,0,0,0
2,5,7/24/2015,3854,468,1,0,0,1
2,4,7/23/2015,4108,521,1,0,0,1
2,3,7/22/2015,5093,650,1,0,0,1
2,2,7/21/2015,3836,532,1,0,0,1
2,1,7/20/2015,4435,564,1,0,0,1
2,7,7/19/2015,0,0,0,0,0,0
2,6,7/18/2015,3417,359,1,0,0,0
2,5,7/17/2015,4518,495,1,1,0,1
2,4,7/16/2015,5062,544,1,1,0,1
2,3,7/15/2015,6406,780,1,1,0,1
2,2,7/14/2015,6122,645,1,1,0,1
2,1,7/13/2015,6874,687,1,1,0,1
2,7,7/12/2015,0,0,0,0,0,0
2,6,7/11/2015,2677,311,1,0,0,0
2,5,7/10/2015,4384,539,1,0,0,0
2,4,7/9/2015,4082,495,1,0,0,0
2,3,7/8/2015,5676,693,1,0,0,0
2,2,7/7/2015,4313,531,1,0,0,0
2,1,7/6/2015,4132,523,1,0,0,0
2,7,7/5/2015,0,0,0,0,0,0
2,6,7/4/2015,4475,1147,1,0,0,0
2,5,7/3/2015,4838,1029,1,1,0,0
2,4,7/2/2015,6189,921,1,1,0,0
2,3,7/1/2015,6431,786,1,1,0,0
2,2,6/30/2015,9863,877,1,1,0,0
2,1,6/29/2015,7961,734,1,1,0,0
2,7,6/28/2015,0,0,0,0,0,0
2,6,6/27/2015,2404,303,1,0,0,0
2,5,6/26/2015,3953,476,1,0,0,0
2,4,6/25/2015,4022,508,1,0,0,0
2,3,6/24/2015,4805,654,1,0,0,0
2,2,6/23/2015,4094,512,1,0,0,0
2,1,6/22/2015,4123,491,1,0,0,0
2,7,6/21/2015,0,0,0,0,0,0
2,6,6/20/2015,3020,323,1,0,0,0
2,5,6/19/2015,4926,544,1,1,0,0
2,4,6/18/2015,5154,594,1,1,0,0
2,3,6/17/2015,6924,805,1,1,0,0
2,2,6/16/2015,6243,648,1,1,0,0
2,1,6/15/2015,8106,762,1,1,0,0
2,7,6/14/2015,0,0,0,0,0,0
2,6,6/13/2015,2574,319,1,0,0,0
2,5,6/12/2015,3539,480,1,0,0,0
2,4,6/11/2015,4240,515,1,0,0,0
2,3,6/10/2015,5035,680,1,0,0,0
2,2,6/9/2015,4097,560,1,0,0,0
2,1,6/8/2015,3918,501,1,0,0,0
2,7,6/7/2015,0,0,0,0,0,0
2,6,6/6/2015,2641,319,1,0,0,0
2,5,6/5/2015,4938,532,1,1,0,0
2,4,6/4/2015,5810,646,1,1,0,0
2,3,6/3/2015,6682,768,1,1,0,0
2,2,6/2/2015,7099,697,1,1,0,0
2,1,6/1/2015,6629,673,1,1,0,0
2,7,5/31/2015,0,0,0,0,0,0
2,6,5/30/2015,3447,513,1,0,0,0
2,5,5/29/2015,4541,576,1,0,0,0
2,4,5/28/2015,4049,518,1,0,0,0
2,3,5/27/2015,5093,672,1,0,0,0
2,2,5/26/2015,4708,564,1,0,0,0
2,1,5/25/2015,0,0,0,0,a,0
2,7,5/24/2015,0,0,0,0,0,0
2,6,5/23/2015,2732,331,1,0,0,0
2,5,5/22/2015,4564,504,1,1,0,0
2,4,5/21/2015,5431,609,1,1,0,0
2,3,5/20/2015,6696,794,1,1,0,0
2,2,5/19/2015,6388,631,1,1,0,0
2,1,5/18/2015,8078,747,1,1,0,0
2,7,5/17/2015,0,0,0,0,0,0
2,6,5/16/2015,2831,337,1,0,0,0
2,5,5/15/2015,5293,592,1,0,0,1
2,4,5/14/2015,0,0,0,0,a,0
2,3,5/13/2015,5662,734,1,0,0,0
2,2,5/12/2015,4319,541,1,0,0,0
2,1,5/11/2015,4521,544,1,0,0,0
2,7,5/10/2015,0,0,0,0,0,0
2,6,5/9/2015,2722,348,1,0,0,0
2,5,5/8/2015,5734,753,1,1,0,0
2,4,5/7/2015,5382,597,1,1,0,0
2,3,5/6/2015,6558,780,1,1,0,0
2,2,5/5/2015,6295,653,1,1,0,0
2,1,5/4/2015,6901,681,1,1,0,0
2,7,5/3/2015,0,0,0,0,0,0
2,6,5/2/2015,3590,423,1,0,0,0
2,5,5/1/2015,0,0,0,1,a,0
2,4,4/30/2015,6884,716,1,1,0,0
2,3,4/29/2015,6764,756,1,1,0,0
2,2,4/28/2015,6861,678,1,1,0,0
2,1,4/27/2015,6523,647,1,1,0,0
2,7,4/26/2015,0,0,0,0,0,0
2,6,4/25/2015,2916,453,1,0,0,0
2,5,4/24/2015,3678,482,1,0,0,0
2,4,4/23/2015,3588,482,1,0,0,0
2,3,4/22/2015,5032,641,1,0,0,0
2,2,4/21/2015,3291,469,1,0,0,0
2,1,4/20/2015,4184,511,1,0,0,0
2,7,4/19/2015,0,0,0,0,0,0
2,6,4/18/2015,3066,340,1,0,0,0
2,5,4/17/2015,4948,549,1,1,0,0
2,4,4/16/2015,5371,590,1,1,0,0
2,3,4/15/2015,7132,850,1,1,0,0
2,2,4/14/2015,6569,703,1,1,0,0
2,1,4/13/2015,6947,698,1,1,0,0
2,7,4/12/2015,0,0,0,0,0,0
2,6,4/11/2015,2662,319,1,0,0,0
2,5,4/10/2015,3824,488,1,0,0,1
2,4,4/9/2015,3793,501,1,0,0,1
2,3,4/8/2015,5304,677,1,0,0,1
2,2,4/7/2015,4588,582,1,0,0,1
2,1,4/6/2015,0,0,0,0,b,1
2,7,4/5/2015,0,0,0,0,0,0
2,6,4/4/2015,4446,506,1,0,0,0
2,5,4/3/2015,0,0,0,1,b,1
2,4,4/2/2015,6168,619,1,1,0,1
2,3,4/1/2015,6473,756,1,1,0,1
2,2,3/31/2015,10107,850,1,1,0,1
2,1,3/30/2015,8733,777,1,1,0,1
2,7,3/29/2015,0,0,0,0,0,0
2,6,3/28/2015,3011,355,1,0,0,0
2,5,3/27/2015,3800,458,1,0,0,0
2,4,3/26/2015,3912,486,1,0,0,0
2,3,3/25/2015,5150,684,1,0,0,0
2,2,3/24/2015,4436,523,1,0,0,0
2,1,3/23/2015,4183,516,1,0,0,0
2,7,3/22/2015,0,0,0,0,0,0
2,6,3/21/2015,2922,367,1,0,0,0
2,5,3/20/2015,4759,532,1,1,0,0
2,4,3/19/2015,5737,622,1,1,0,0
2,3,3/18/2015,7034,786,1,1,0,0
2,2,3/17/2015,6457,666,1,1,0,0
2,1,3/16/2015,7209,734,1,1,0,0
2,7,3/15/2015,0,0,0,0,0,0
2,6,3/14/2015,2803,343,1,0,0,0
2,5,3/13/2015,3430,442,1,0,0,0
2,4,3/12/2015,4065,514,1,0,0,0
2,3,3/11/2015,4949,668,1,0,0,0
2,2,3/10/2015,4095,512,1,0,0,0
2,1,3/9/2015,3967,532,1,0,0,0
2,7,3/8/2015,0,0,0,0,0,0
2,6,3/7/2015,3211,367,1,0,0,0
2,5,3/6/2015,4823,550,1,1,0,0
2,4,3/5/2015,5532,634,1,1,0,0
2,3,3/4/2015,6478,764,1,1,0,0
2,2,3/3/2015,6610,697,1,1,0,0
2,1,3/2/2015,7161,739,1,1,0,0
2,7,3/1/2015,0,0,0,0,0,0
2,6,2/28/2015,3032,378,1,0,0,0
2,5,2/27/2015,4022,517,1,0,0,0
2,4,2/26/2015,4035,509,1,0,0,0
2,3,2/25/2015,4666,653,1,0,0,0
2,2,2/24/2015,3755,498,1,0,0,0
2,1,2/23/2015,3633,481,1,0,0,0
2,7,2/22/2015,0,0,0,0,0,0
2,6,2/21/2015,3005,355,1,0,0,0
2,5,2/20/2015,4727,544,1,1,0,0
2,4,2/19/2015,5842,627,1,1,0,0
2,3,2/18/2015,6178,758,1,1,0,0
2,2,2/17/2015,6113,623,1,1,0,0
2,1,2/16/2015,7478,703,1,1,0,0
2,7,2/15/2015,0,0,0,0,0,0
2,6,2/14/2015,2809,351,1,0,0,0
2,5,2/13/2015,3647,499,1,0,0,0
2,4,2/12/2015,3765,485,1,0,0,0
2,3,2/11/2015,4773,641,1,0,0,0
2,2,2/10/2015,4653,567,1,0,0,0
2,1,2/9/2015,3678,491,1,0,0,0
2,7,2/8/2015,0,0,0,0,0,0
2,6,2/7/2015,2335,306,1,0,0,0
2,5,2/6/2015,5260,550,1,1,0,1
2,4,2/5/2015,5275,603,1,1,0,1
2,3,2/4/2015,6405,721,1,1,0,1
2,2,2/3/2015,6837,684,1,1,0,1
2,1,2/2/2015,8155,808,1,1,0,1
2,7,2/1/2015,0,0,0,0,0,0
2,6,1/31/2015,3067,323,1,0,0,0
2,5,1/30/2015,5919,624,1,1,0,0
2,4,1/29/2015,4775,539,1,1,0,0
2,3,1/28/2015,6032,720,1,1,0,0
2,2,1/27/2015,5258,575,1,1,0,0
2,1,1/26/2015,5931,638,1,1,0,0
2,7,1/25/2015,0,0,0,0,0,0
2,6,1/24/2015,2575,326,1,0,0,0
2,5,1/23/2015,3206,418,1,0,0,0
2,4,1/22/2015,3728,484,1,0,0,0
2,3,1/21/2015,4524,606,1,0,0,0
2,2,1/20/2015,3955,491,1,0,0,0
2,1,1/19/2015,4082,528,1,0,0,0
2,7,1/18/2015,0,0,0,0,0,0
2,6,1/17/2015,2883,340,1,0,0,0
2,5,1/16/2015,5456,573,1,1,0,0
2,4,1/15/2015,5810,632,1,1,0,0
2,3,1/14/2015,6366,700,1,1,0,0
2,2,1/13/2015,6444,695,1,1,0,0
2,1,1/12/2015,7237,689,1,1,0,0
2,7,1/11/2015,0,0,0,0,0,0
2,6,1/10/2015,3024,346,1,0,0,0
2,5,1/9/2015,4762,524,1,1,0,0
2,4,1/8/2015,5246,567,1,1,0,0
2,3,1/7/2015,5945,670,1,1,0,0
2,2,1/6/2015,6696,727,1,1,0,0
2,1,1/5/2015,7308,755,1,1,0,0
2,7,1/4/2015,0,0,0,0,0,0
2,6,1/3/2015,3132,350,1,0,0,0
2,5,1/2/2015,4137,543,1,0,0,1
2,4,1/1/2015,0,0,0,0,0,1
2,3,12/31/2014,2269,252,1,0,0,1
2,2,12/30/2014,5513,632,1,0,0,1
2,1,12/29/2014,5999,662,1,0,0,1
2,7,12/28/2014,0,0,0,0,0,0
2,6,12/27/2014,3934,457,1,0,0,0
2,5,12/26/2014,0,0,0,0,c,1
2,4,12/25/2014,0,0,0,0,c,1
2,3,12/24/2014,2437,274,1,0,0,1
2,2,12/23/2014,7557,816,1,0,0,1
2,1,12/22/2014,9027,924,1,0,0,1
2,7,12/21/2014,0,0,0,0,0,0
2,6,12/20/2014,4553,495,1,0,0,0
2,5,12/19/2014,7574,718,1,1,0,0
2,4,12/18/2014,8117,777,1,1,0,0
2,3,12/17/2014,9365,909,1,1,0,0
2,2,12/16/2014,9499,866,1,1,0,0
2,1,12/15/2014,10419,909,1,1,0,0
2,7,12/14/2014,0,0,0,0,0,0
2,6,12/13/2014,3375,350,1,0,0,0
2,5,12/12/2014,4407,497,1,0,0,0
2,4,12/11/2014,4629,539,1,0,0,0
2,3,12/10/2014,5830,717,1,0,0,0
2,2,12/9/2014,5264,596,1,0,0,0
2,1,12/8/2014,4821,616,1,0,0,0
2,7,12/7/2014,0,0,0,0,0,0
2,6,12/6/2014,2914,386,1,0,0,0
2,5,12/5/2014,6385,676,1,1,0,0
2,4,12/4/2014,6661,670,1,1,0,0
2,3,12/3/2014,7533,769,1,1,0,0
2,2,12/2/2014,7664,751,1,1,0,0
2,1,12/1/2014,8674,783,1,1,0,0
2,7,11/30/2014,0,0,0,0,0,0
2,6,11/29/2014,3424,372,1,0,0,0
2,5,11/28/2014,6062,608,1,1,0,0
2,4,11/27/2014,6119,644,1,1,0,0
2,3,11/26/2014,7588,828,1,1,0,0
2,2,11/25/2014,6511,632,1,1,0,0
2,1,11/24/2014,7038,696,1,1,0,0
2,7,11/23/2014,0,0,0,0,0,0
2,6,11/22/2014,3085,367,1,0,0,0
2,5,11/21/2014,3978,472,1,0,0,0
2,4,11/20/2014,4527,535,1,0,0,0
2,3,11/19/2014,5091,674,1,0,0,0
2,2,11/18/2014,3468,411,1,0,0,0
2,1,11/17/2014,4157,552,1,0,0,0
2,7,11/16/2014,0,0,0,0,0,0
2,6,11/15/2014,2979,373,1,0,0,0
2,5,11/14/2014,4655,560,1,1,0,0
2,4,11/13/2014,5009,624,1,1,0,0
2,3,11/12/2014,6818,776,1,1,0,0
2,2,11/11/2014,5651,601,1,1,0,0
2,1,11/10/2014,6423,690,1,1,0,0
2,7,11/9/2014,0,0,0,0,0,0
2,6,11/8/2014,3311,368,1,0,0,0
2,5,11/7/2014,5445,590,1,1,0,0
2,4,11/6/2014,6307,630,1,1,0,0
2,3,11/5/2014,7142,797,1,1,0,0
2,2,11/4/2014,7015,724,1,1,0,0
2,1,11/3/2014,7549,783,1,1,0,0
2,7,11/2/2014,0,0,0,0,0,0
2,6,11/1/2014,3305,448,1,0,0,0
2,5,10/31/2014,0,0,0,0,a,0
2,4,10/30/2014,5394,653,1,0,0,0
2,3,10/29/2014,4986,668,1,0,0,0
2,2,10/28/2014,3849,523,1,0,0,0
2,1,10/27/2014,4296,573,1,0,0,0
2,7,10/26/2014,0,0,0,0,0,0
2,6,10/25/2014,2542,331,1,0,0,0
2,5,10/24/2014,5096,578,1,1,0,0
2,4,10/23/2014,5729,628,1,1,0,0
2,3,10/22/2014,5261,600,1,1,0,0
2,2,10/21/2014,5382,593,1,1,0,0
2,1,10/20/2014,6631,684,1,1,0,0
2,7,10/19/2014,0,0,0,0,0,0
2,6,10/18/2014,2613,330,1,0,0,0
2,5,10/17/2014,3852,501,1,0,0,1
2,4,10/16/2014,4288,522,1,0,0,1
2,3,10/15/2014,4732,670,1,0,0,1
2,2,10/14/2014,3982,516,1,0,0,1
2,1,10/13/2014,4377,569,1,0,0,1
2,7,10/12/2014,0,0,0,0,0,0
2,6,10/11/2014,2497,322,1,0,0,0
2,5,10/10/2014,4907,529,1,1,0,1
2,4,10/9/2014,5283,614,1,1,0,1
2,3,10/8/2014,6252,736,1,1,0,1
2,2,10/7/2014,5808,646,1,1,0,1
2,1,10/6/2014,7562,748,1,1,0,1
2,7,10/5/2014,0,0,0,0,0,0
2,6,10/4/2014,2979,377,1,0,0,0
2,5,10/3/2014,2689,389,1,1,a,0
2,4,10/2/2014,4845,630,1,1,0,0
2,3,10/1/2014,5565,695,1,1,0,0
2,2,9/30/2014,8461,839,1,1,0,0
2,1,9/29/2014,7514,750,1,1,0,0
2,7,9/28/2014,0,0,0,0,0,0
2,6,9/27/2014,2725,354,1,0,0,0
2,5,9/26/2014,3583,443,1,0,0,0
2,4,9/25/2014,3911,504,1,0,0,0
2,3,9/24/2014,5084,694,1,0,0,0
2,2,9/23/2014,3874,510,1,0,0,0
2,1,9/22/2014,4004,501,1,0,0,0
2,7,9/21/2014,0,0,0,0,0,0
2,6,9/20/2014,2473,306,1,0,0,0
2,5,9/19/2014,4491,547,1,1,0,0
2,4,9/18/2014,4994,556,1,1,0,0
2,3,9/17/2014,6469,762,1,1,0,0
2,2,9/16/2014,6207,663,1,1,0,0
2,1,9/15/2014,6997,735,1,1,0,0
2,7,9/14/2014,0,0,0,0,0,0
2,6,9/13/2014,2593,318,1,0,0,0
2,5,9/12/2014,3323,435,1,0,0,0
2,4,9/11/2014,4123,477,1,0,0,0
2,3,9/10/2014,4865,646,1,0,0,0
2,2,9/9/2014,4963,589,1,0,0,0
2,1,9/8/2014,4189,564,1,0,0,0
2,7,9/7/2014,0,0,0,0,0,0
2,6,9/6/2014,2551,329,1,0,0,0
2,5,9/5/2014,4823,578,1,1,0,0
2,4,9/4/2014,5401,635,1,1,0,0
2,3,9/3/2014,6615,754,1,1,0,0
2,2,9/2/2014,6422,645,1,1,0,0
2,1,9/1/2014,8173,805,1,1,0,0
2,7,8/31/2014,0,0,0,0,0,0
2,6,8/30/2014,2976,376,1,0,0,0
2,5,8/29/2014,4318,537,1,0,0,1
2,4,8/28/2014,3717,524,1,0,0,1
2,3,8/27/2014,5127,699,1,0,0,1
2,2,8/26/2014,3647,462,1,0,0,1
2,1,8/25/2014,3927,538,1,0,0,1
2,7,8/24/2014,0,0,0,0,0,0
2,6,8/23/2014,2738,341,1,0,0,0
2,5,8/22/2014,5064,586,1,1,0,1
2,4,8/21/2014,5626,615,1,1,0,1
2,3,8/20/2014,7056,850,1,1,0,1
2,2,8/19/2014,6000,647,1,1,0,1
2,1,8/18/2014,6355,688,1,1,0,1
2,7,8/17/2014,0,0,0,0,0,0
2,6,8/16/2014,2847,336,1,0,0,0
2,5,8/15/2014,4218,498,1,0,0,1
2,4,8/14/2014,4606,564,1,0,0,1
2,3,8/13/2014,5010,670,1,0,0,1
2,2,8/12/2014,4319,535,1,0,0,1
2,1,8/11/2014,4158,554,1,0,0,1
2,7,8/10/2014,0,0,0,0,0,0
2,6,8/9/2014,2592,344,1,0,0,0
2,5,8/8/2014,4597,498,1,1,0,1
2,4,8/7/2014,4809,563,1,1,0,1
2,3,8/6/2014,6331,767,1,1,0,1
2,2,8/5/2014,5811,621,1,1,0,1
2,1,8/4/2014,6315,668,1,1,0,1
2,7,8/3/2014,0,0,0,0,0,0
2,6,8/2/2014,3354,451,1,0,0,0
2,5,8/1/2014,5434,620,1,1,0,1
2,4,7/31/2014,6301,703,1,1,0,1
2,3,7/30/2014,6308,768,1,1,0,1
2,2,7/29/2014,5274,561,1,1,0,1
2,1,7/28/2014,6494,641,1,1,0,1
2,7,7/27/2014,0,0,0,0,0,0
2,6,7/26/2014,2243,316,1,0,0,0
2,5,7/25/2014,3956,500,1,0,0,1
2,4,7/24/2014,3886,510,1,0,0,1
2,3,7/23/2014,5152,705,1,0,0,1
2,2,7/22/2014,4509,566,1,0,0,1
2,1,7/21/2014,3802,494,1,0,0,1
2,7,7/20/2014,0,0,0,0,0,0
2,6,7/19/2014,3009,339,1,0,0,0
2,5,7/18/2014,4971,550,1,1,0,0
2,4,7/17/2014,5315,600,1,1,0,0
2,3,7/16/2014,7113,869,1,1,0,0
2,2,7/15/2014,6361,692,1,1,0,0
2,1,7/14/2014,7014,714,1,1,0,0
2,7,7/13/2014,0,0,0,0,0,0
2,6,7/12/2014,2806,340,1,0,0,0
2,5,7/11/2014,3402,494,1,0,0,0
2,4,7/10/2014,4557,507,1,0,0,0
2,3,7/9/2014,4602,568,1,0,0,0
2,2,7/8/2014,4009,538,1,0,0,0
2,1,7/7/2014,3981,522,1,0,0,0
2,7,7/6/2014,0,0,0,0,0,0
2,6,7/5/2014,4043,1013,1,0,0,0
2,5,7/4/2014,5200,1133,1,1,0,0
2,4,7/3/2014,5824,888,1,1,0,0
2,3,7/2/2014,6623,821,1,1,0,0
2,2,7/1/2014,5454,646,1,1,0,0
2,1,6/30/2014,10682,1021,1,1,0,0
2,7,6/29/2014,0,0,0,0,0,0
2,6,6/28/2014,2644,340,1,0,0,0
2,5,6/27/2014,4646,552,1,0,0,0
2,4,6/26/2014,4215,542,1,0,0,0
2,3,6/25/2014,4767,613,1,0,0,0
2,2,6/24/2014,3787,496,1,0,0,0
2,1,6/23/2014,4066,559,1,0,0,0
2,7,6/22/2014,0,0,0,0,0,0
2,6,6/21/2014,2514,324,1,0,0,0
2,5,6/20/2014,4572,538,1,1,0,0
2,4,6/19/2014,5451,617,1,1,0,0
2,3,6/18/2014,6300,775,1,1,0,0
2,2,6/17/2014,5830,625,1,1,0,0
2,1,6/16/2014,7394,748,1,1,0,0
2,7,6/15/2014,0,0,0,0,0,0
2,6,6/14/2014,2897,337,1,0,0,0
2,5,6/13/2014,4568,544,1,0,0,0
2,4,6/12/2014,5187,632,1,0,0,0
2,3,6/11/2014,4976,670,1,0,0,0
2,2,6/10/2014,4403,526,1,0,0,0
2,1,6/9/2014,0,0,0,0,a,0
2,7,6/8/2014,0,0,0,0,0,0
2,6,6/7/2014,2893,384,1,0,0,0
2,5,6/6/2014,5064,602,1,1,0,0
2,4,6/5/2014,5957,657,1,1,0,0
2,3,6/4/2014,7006,877,1,1,0,0
2,2,6/3/2014,5619,641,1,1,0,0
2,1,6/2/2014,7320,775,1,1,0,0
2,7,6/1/2014,0,0,0,0,0,0
2,6,5/31/2014,2953,485,1,0,0,0
2,5,5/30/2014,5694,743,1,0,0,1
2,4,5/29/2014,0,0,0,0,a,0
2,3,5/28/2014,5203,652,1,0,0,0
2,2,5/27/2014,4042,513,1,0,0,0
2,1,5/26/2014,4173,547,1,0,0,0
2,7,5/25/2014,0,0,0,0,0,0
2,6,5/24/2014,2516,334,1,0,0,0
2,5,5/23/2014,4802,555,1,1,0,0
2,4,5/22/2014,4887,582,1,1,0,0
2,3,5/21/2014,5584,753,1,1,0,0
2,2,5/20/2014,5155,629,1,1,0,0
2,1,5/19/2014,6996,734,1,1,0,0
2,7,5/18/2014,0,0,0,0,0,0
2,6,5/17/2014,2532,352,1,0,0,0
2,5,5/16/2014,3779,528,1,0,0,0
2,4,5/15/2014,4108,518,1,0,0,0
2,3,5/14/2014,4700,664,1,0,0,0
2,2,5/13/2014,3974,530,1,0,0,0
2,1,5/12/2014,3860,546,1,0,0,0
2,7,5/11/2014,0,0,0,0,0,0
2,6,5/10/2014,2430,316,1,0,0,0
2,5,5/9/2014,5979,743,1,1,0,0
2,4,5/8/2014,5151,626,1,1,0,0
2,3,5/7/2014,6733,780,1,1,0,0
2,2,5/6/2014,5992,628,1,1,0,0
2,1,5/5/2014,7242,751,1,1,0,0
2,7,5/4/2014,0,0,0,0,0,0
2,6,5/3/2014,2968,369,1,0,0,0
2,5,5/2/2014,7176,743,1,1,0,1
2,4,5/1/2014,0,0,0,1,a,1
2,3,4/30/2014,7646,943,1,1,0,1
2,2,4/29/2014,6667,707,1,1,0,1
2,1,4/28/2014,6520,667,1,1,0,1
2,7,4/27/2014,0,0,0,0,0,0
2,6,4/26/2014,2701,335,1,0,0,0
2,5,4/25/2014,3795,489,1,0,0,1
2,4,4/24/2014,3675,515,1,0,0,1
2,3,4/23/2014,4757,655,1,0,0,1
2,2,4/22/2014,4419,573,1,0,0,1
2,1,4/21/2014,0,0,0,0,b,1
2,7,4/20/2014,0,0,0,0,0,0
2,6,4/19/2014,4146,465,1,0,0,0
2,5,4/18/2014,0,0,0,1,b,0
2,4,4/17/2014,6647,737,1,1,0,0
2,3,4/16/2014,7317,876,1,1,0,0
2,2,4/15/2014,7701,747,1,1,0,0
2,1,4/14/2014,7714,758,1,1,0,0
2,7,4/13/2014,0,0,0,0,0,0
2,6,4/12/2014,2574,328,1,0,0,0
2,5,4/11/2014,4701,516,1,0,0,0
2,4,4/10/2014,3691,471,1,0,0,0
2,3,4/9/2014,5142,706,1,0,0,0
2,2,4/8/2014,4475,519,1,0,0,0
2,1,4/7/2014,3941,528,1,0,0,0
2,7,4/6/2014,0,0,0,0,0,0
2,6,4/5/2014,2655,330,1,0,0,0
2,5,4/4/2014,5016,566,1,1,0,0
2,4,4/3/2014,5078,581,1,1,0,0
2,3,4/2/2014,7013,825,1,1,0,0
2,2,4/1/2014,4862,587,1,1,0,0
2,1,3/31/2014,9908,963,1,1,0,0
2,7,3/30/2014,0,0,0,0,0,0
2,6,3/29/2014,2815,328,1,0,0,0
2,5,3/28/2014,4409,489,1,0,0,0
2,4,3/27/2014,4350,523,1,0,0,0
2,3,3/26/2014,5059,682,1,0,0,0
2,2,3/25/2014,4086,503,1,0,0,0
2,1,3/24/2014,3893,523,1,0,0,0
2,7,3/23/2014,0,0,0,0,0,0
2,6,3/22/2014,2569,314,1,0,0,0
2,5,3/21/2014,4993,551,1,1,0,0
2,4,3/20/2014,4950,574,1,1,0,0
2,3,3/19/2014,6275,747,1,1,0,0
2,2,3/18/2014,5805,644,1,1,0,0
2,1,3/17/2014,7054,743,1,1,0,0
2,7,3/16/2014,0,0,0,0,0,0
2,6,3/15/2014,2678,333,1,0,0,0
2,5,3/14/2014,3321,430,1,0,0,0
2,4,3/13/2014,4172,551,1,0,0,0
2,3,3/12/2014,4581,658,1,0,0,0
2,2,3/11/2014,3575,501,1,0,0,0
2,1,3/10/2014,3799,516,1,0,0,0
2,7,3/9/2014,0,0,0,0,0,0
2,6,3/8/2014,2863,353,1,0,0,0
2,5,3/7/2014,5275,593,1,1,0,0
2,4,3/6/2014,5173,611,1,1,0,0
2,3,3/5/2014,6740,802,1,1,0,0
2,2,3/4/2014,6006,630,1,1,0,0
2,1,3/3/2014,7332,760,1,1,0,0
2,7,3/2/2014,0,0,0,0,0,0
2,6,3/1/2014,3350,373,1,0,0,0
2,5,2/28/2014,4400,555,1,0,0,0
2,4,2/27/2014,3998,493,1,0,0,0
2,3,2/26/2014,4548,632,1,0,0,0
2,2,2/25/2014,3520,489,1,0,0,0
2,1,2/24/2014,3894,499,1,0,0,0
2,7,2/23/2014,0,0,0,0,0,0
2,6,2/22/2014,2563,316,1,0,0,0
2,5,2/21/2014,4790,527,1,1,0,1
2,4,2/20/2014,4961,584,1,1,0,1
2,3,2/19/2014,6419,774,1,1,0,1
2,2,2/18/2014,5979,644,1,1,0,1
2,1,2/17/2014,7584,761,1,1,0,1
2,7,2/16/2014,0,0,0,0,0,0
2,6,2/15/2014,2509,300,1,0,0,0
2,5,2/14/2014,4324,527,1,0,0,0
2,4,2/13/2014,4171,498,1,0,0,0
2,3,2/12/2014,4848,654,1,0,0,0
2,2,2/11/2014,4056,532,1,0,0,0
2,1,2/10/2014,4006,532,1,0,0,0
2,7,2/9/2014,0,0,0,0,0,0
2,6,2/8/2014,2484,331,1,0,0,0
2,5,2/7/2014,4848,565,1,1,0,0
2,4,2/6/2014,6012,670,1,1,0,0
2,3,2/5/2014,7198,820,1,1,0,0
2,2,2/4/2014,7036,671,1,1,0,0
2,1,2/3/2014,7372,791,1,1,0,0
2,7,2/2/2014,0,0,0,0,0,0
2,6,2/1/2014,2929,353,1,0,0,0
2,5,1/31/2014,4608,550,1,0,0,0
2,4,1/30/2014,4214,493,1,0,0,0
2,3,1/29/2014,4292,567,1,0,0,0
2,2,1/28/2014,3677,497,1,0,0,0
2,1,1/27/2014,3708,507,1,0,0,0
2,7,1/26/2014,0,0,0,0,0,0
2,6,1/25/2014,2274,290,1,0,0,0
2,5,1/24/2014,4701,531,1,1,0,0
2,4,1/23/2014,5010,531,1,1,0,0
2,3,1/22/2014,5451,680,1,1,0,0
2,2,1/21/2014,6564,691,1,1,0,0
2,1,1/20/2014,7082,739,1,1,0,0
2,7,1/19/2014,0,0,0,0,0,0
2,6,1/18/2014,2497,322,1,0,0,0
2,5,1/17/2014,3868,480,1,0,0,0
2,4,1/16/2014,3998,507,1,0,0,0
2,3,1/15/2014,4919,673,1,0,0,0
2,2,1/14/2014,4195,497,1,0,0,0
2,1,1/13/2014,4290,552,1,0,0,0
2,7,1/12/2014,0,0,0,0,0,0
2,6,1/11/2014,2872,358,1,0,0,0
2,5,1/10/2014,5146,628,1,1,0,0
2,4,1/9/2014,6081,643,1,1,0,0
2,3,1/8/2014,6597,796,1,1,0,0
2,2,1/7/2014,6567,727,1,1,0,0
2,1,1/6/2014,8317,823,1,1,0,0
2,7,1/5/2014,0,0,0,0,0,0
2,6,1/4/2014,2760,321,1,0,0,0
2,5,1/3/2014,4802,560,1,0,0,1
2,4,1/2/2014,3759,531,1,0,0,1
2,3,1/1/2014,0,0,0,0,a,1
2,2,12/31/2013,2148,268,1,0,0,1
2,1,12/30/2013,7528,852,1,0,0,1
2,7,12/29/2013,0,0,0,0,0,0
2,6,12/28/2013,3561,416,1,0,0,0
2,5,12/27/2013,5582,659,1,0,0,1
2,4,12/26/2013,0,0,0,0,c,1
2,3,12/25/2013,0,0,0,0,c,1
2,2,12/24/2013,2407,277,1,0,0,1
2,1,12/23/2013,8640,971,1,0,0,1
2,7,12/22/2013,0,0,0,0,0,0
2,6,12/21/2013,4941,539,1,0,0,0
2,5,12/20/2013,7574,801,1,1,0,0
2,4,12/19/2013,8559,823,1,1,0,0
2,3,12/18/2013,10019,1011,1,1,0,0
2,2,12/17/2013,10374,882,1,1,0,0
2,1,12/16/2013,10479,925,1,1,0,0
2,7,12/15/2013,0,0,0,0,0,0
2,6,12/14/2013,3236,353,1,0,0,0
2,5,12/13/2013,4808,546,1,0,0,0
2,4,12/12/2013,5232,591,1,0,0,0
2,3,12/11/2013,6052,732,1,0,0,0
2,2,12/10/2013,4994,629,1,0,0,0
2,1,12/9/2013,4392,587,1,0,0,0
2,7,12/8/2013,0,0,0,0,0,0
2,6,12/7/2013,2534,302,1,0,0,0
2,5,12/6/2013,4816,544,1,1,0,0
2,4,12/5/2013,7163,701,1,1,0,0
2,3,12/4/2013,8202,854,1,1,0,0
2,2,12/3/2013,8137,741,1,1,0,0
2,1,12/2/2013,8836,850,1,1,0,0
2,7,12/1/2013,0,0,0,0,0,0
2,6,11/30/2013,3343,365,1,0,0,0
2,5,11/29/2013,5027,587,1,0,0,0
2,4,11/28/2013,5149,579,1,0,0,0
2,3,11/27/2013,5498,694,1,0,0,0
2,2,11/26/2013,4303,543,1,0,0,0
2,1,11/25/2013,4669,556,1,0,0,0
2,7,11/24/2013,0,0,0,0,0,0
2,6,11/23/2013,2965,335,1,0,0,0
2,5,11/22/2013,4474,537,1,1,0,0
2,4,11/21/2013,5397,571,1,1,0,0
2,3,11/20/2013,6390,690,1,1,0,0
2,2,11/19/2013,6016,660,1,1,0,0
2,1,11/18/2013,7435,735,1,1,0,0
2,7,11/17/2013,0,0,0,0,0,0
2,6,11/16/2013,2829,359,1,0,0,0
2,5,11/15/2013,4042,505,1,0,0,0
2,4,11/14/2013,4388,541,1,0,0,0
2,3,11/13/2013,4980,668,1,0,0,0
2,2,11/12/2013,4116,537,1,0,0,0
2,1,11/11/2013,4017,509,1,0,0,0
2,7,11/10/2013,0,0,0,0,0,0
2,6,11/9/2013,3145,376,1,0,0,0
2,5,11/8/2013,5441,590,1,1,0,0
2,4,11/7/2013,5570,630,1,1,0,0
2,3,11/6/2013,6941,798,1,1,0,0
2,2,11/5/2013,6368,681,1,1,0,0
2,1,11/4/2013,7930,768,1,1,0,0
2,7,11/3/2013,0,0,0,0,0,0
2,6,11/2/2013,2688,355,1,0,0,0
2,5,11/1/2013,5507,664,1,0,0,1
2,4,10/31/2013,0,0,0,0,a,1
2,3,10/30/2013,6272,796,1,0,0,1
2,2,10/29/2013,4074,532,1,0,0,1
2,1,10/28/2013,3859,526,1,0,0,1
2,7,10/27/2013,0,0,0,0,0,0
2,6,10/26/2013,2517,348,1,0,0,0
2,5,10/25/2013,4524,531,1,1,0,1
2,4,10/24/2013,5015,604,1,1,0,1
2,3,10/23/2013,5896,754,1,1,0,1
2,2,10/22/2013,5450,582,1,1,0,1
2,1,10/21/2013,6538,730,1,1,0,1
2,7,10/20/2013,0,0,0,0,0,0
2,6,10/19/2013,2441,325,1,0,0,0
2,5,10/18/2013,4095,548,1,0,0,0
2,4,10/17/2013,3986,519,1,0,0,0
2,3,10/16/2013,5035,679,1,0,0,0
2,2,10/15/2013,3584,472,1,0,0,0
2,1,10/14/2013,4528,578,1,0,0,0
2,7,10/13/2013,0,0,0,0,0,0
2,6,10/12/2013,2914,344,1,0,0,0
2,5,10/11/2013,4923,547,1,1,0,0
2,4,10/10/2013,4972,555,1,1,0,0
2,3,10/9/2013,7006,826,1,1,0,0
2,2,10/8/2013,6282,691,1,1,0,0
2,1,10/7/2013,7368,737,1,1,0,0
2,7,10/6/2013,0,0,0,0,0,0
2,6,10/5/2013,2688,342,1,0,0,0
2,5,10/4/2013,4671,547,1,0,0,0
2,4,10/3/2013,2656,381,1,0,a,0
2,3,10/2/2013,5238,691,1,0,0,0
2,2,10/1/2013,3830,539,1,0,0,0
2,1,9/30/2013,5610,691,1,0,0,0
2,7,9/29/2013,0,0,0,0,0,0
2,6,9/28/2013,3428,383,1,0,0,0
2,5,9/27/2013,4874,547,1,1,0,0
2,4,9/26/2013,5795,629,1,1,0,0
2,3,9/25/2013,6708,858,1,1,0,0
2,2,9/24/2013,6387,670,1,1,0,0
2,1,9/23/2013,6802,677,1,1,0,0
2,7,9/22/2013,0,0,0,0,0,0
2,6,9/21/2013,2651,335,1,0,0,0
2,5,9/20/2013,3949,475,1,0,0,0
2,4,9/19/2013,3840,509,1,0,0,0
2,3,9/18/2013,4574,625,1,0,0,0
2,2,9/17/2013,3823,525,1,0,0,0
2,1,9/16/2013,3837,509,1,0,0,0
2,7,9/15/2013,0,0,0,0,0,0
2,6,9/14/2013,2841,352,1,0,0,0
2,5,9/13/2013,4954,550,1,1,0,0
2,4,9/12/2013,5558,618,1,1,0,0
2,3,9/11/2013,6537,791,1,1,0,0
2,2,9/10/2013,6578,707,1,1,0,0
2,1,9/9/2013,7005,726,1,1,0,0
2,7,9/8/2013,0,0,0,0,0,0
2,6,9/7/2013,2540,330,1,0,0,0
2,5,9/6/2013,3793,471,1,0,0,0
2,4,9/5/2013,3784,531,1,0,0,0
2,3,9/4/2013,4709,673,1,0,0,0
2,2,9/3/2013,4199,549,1,0,0,0
2,1,9/2/2013,4305,547,1,0,0,0
2,7,9/1/2013,0,0,0,0,0,0
2,6,8/31/2013,2803,348,1,0,0,0
2,5,8/30/2013,6280,702,1,1,0,0
2,4,8/29/2013,5527,635,1,1,0,0
2,3,8/28/2013,6474,811,1,1,0,0
2,2,8/27/2013,6529,717,1,1,0,0
2,1,8/26/2013,7453,752,1,1,0,0
2,7,8/25/2013,0,0,0,0,0,0
2,6,8/24/2013,2546,343,1,0,0,0
2,5,8/23/2013,3652,523,1,0,0,1
2,4,8/22/2013,3998,536,1,0,0,1
2,3,8/21/2013,4399,655,1,0,0,1
2,2,8/20/2013,3894,517,1,0,0,1
2,1,8/19/2013,3747,528,1,0,0,1
2,7,8/18/2013,0,0,0,0,0,0
2,6,8/17/2013,2731,353,1,0,0,0
2,5,8/16/2013,4895,571,1,1,0,1
2,4,8/15/2013,5186,619,1,1,0,1
2,3,8/14/2013,7229,860,1,1,0,1
2,2,8/13/2013,6154,640,1,1,0,1
2,1,8/12/2013,6518,725,1,1,0,1
2,7,8/11/2013,0,0,0,0,0,0
2,6,8/10/2013,2624,312,1,0,0,0
2,5,8/9/2013,3551,456,1,0,0,1
2,4,8/8/2013,3949,520,1,0,0,1
2,3,8/7/2013,4467,650,1,0,0,1
2,2,8/6/2013,3434,475,1,0,0,1
2,1,8/5/2013,4066,526,1,0,0,1
2,7,8/4/2013,0,0,0,0,0,0
2,6,8/3/2013,2641,353,1,0,0,0
2,5,8/2/2013,4776,545,1,1,0,1
2,4,8/1/2013,5640,643,1,1,0,1
2,3,7/31/2013,8295,942,1,1,0,1
2,2,7/30/2013,6802,702,1,1,0,1
2,1,7/29/2013,7249,717,1,1,0,1
2,7,7/28/2013,0,0,0,0,0,0
2,6,7/27/2013,2059,292,1,0,0,0
2,5,7/26/2013,3441,438,1,0,0,1
2,4,7/25/2013,3531,496,1,0,0,1
2,3,7/24/2013,4282,611,1,0,0,1
2,2,7/23/2013,3726,469,1,0,0,1
2,1,7/22/2013,3658,490,1,0,0,1
2,7,7/21/2013,0,0,0,0,0,0
2,6,7/20/2013,2670,326,1,0,0,0
2,5,7/19/2013,4885,601,1,1,0,1
2,4,7/18/2013,5907,659,1,1,0,1
2,3,7/17/2013,6219,804,1,1,0,1
2,2,7/16/2013,6670,705,1,1,0,1
2,1,7/15/2013,8528,804,1,1,0,1
2,7,7/14/2013,0,0,0,0,0,0
2,6,7/13/2013,2838,357,1,0,0,0
2,5,7/12/2013,4605,560,1,0,0,0
2,4,7/11/2013,4772,593,1,0,0,0
2,3,7/10/2013,5244,735,1,0,0,0
2,2,7/9/2013,4600,582,1,0,0,0
2,1,7/8/2013,4460,565,1,0,0,0
2,7,7/7/2013,0,0,0,0,0,0
2,6,7/6/2013,4504,1164,1,0,0,0
2,5,7/5/2013,5288,1036,1,1,0,0
2,4,7/4/2013,5820,788,1,1,0,0
2,3,7/3/2013,6527,811,1,1,0,0
2,2,7/2/2013,5862,728,1,1,0,0
2,1,7/1/2013,6336,715,1,1,0,0
2,7,6/30/2013,0,0,0,0,0,0
2,6,6/29/2013,3687,428,1,0,0,0
2,5,6/28/2013,5261,664,1,0,0,0
2,4,6/27/2013,4791,575,1,0,0,0
2,3,6/26/2013,4869,684,1,0,0,0
2,2,6/25/2013,3921,533,1,0,0,0
2,1,6/24/2013,4388,562,1,0,0,0
2,7,6/23/2013,0,0,0,0,0,0
2,6,6/22/2013,2566,361,1,0,0,0
2,5,6/21/2013,5333,626,1,1,0,0
2,4,6/20/2013,4683,547,1,1,0,0
2,3,6/19/2013,5708,734,1,1,0,0
2,2,6/18/2013,5309,611,1,1,0,0
2,1,6/17/2013,7259,743,1,1,0,0
2,7,6/16/2013,0,0,0,0,0,0
2,6,6/15/2013,2724,372,1,0,0,0
2,5,6/14/2013,4437,558,1,0,0,0
2,4,6/13/2013,3763,490,1,0,0,0
2,3,6/12/2013,4638,645,1,0,0,0
2,2,6/11/2013,4233,595,1,0,0,0
2,1,6/10/2013,3786,495,1,0,0,0
2,7,6/9/2013,0,0,0,0,0,0
2,6,6/8/2013,2246,306,1,0,0,0
2,5,6/7/2013,5237,587,1,1,0,0
2,4,6/6/2013,4776,580,1,1,0,0
2,3,6/5/2013,6682,823,1,1,0,0
2,2,6/4/2013,6280,709,1,1,0,0
2,1,6/3/2013,6959,753,1,1,0,0
2,7,6/2/2013,0,0,0,0,0,0
2,6,6/1/2013,2335,295,1,0,0,0
2,5,5/31/2013,5916,632,1,1,0,0
2,4,5/30/2013,5822,631,1,1,0,0
2,3,5/29/2013,5345,679,1,1,0,0
2,2,5/28/2013,5732,665,1,1,0,0
2,1,5/27/2013,6751,678,1,1,0,0
2,7,5/26/2013,0,0,0,0,0,0
2,6,5/25/2013,2823,453,1,0,0,0
2,5,5/24/2013,3778,534,1,0,0,0
2,4,5/23/2013,3916,553,1,0,0,0
2,3,5/22/2013,4663,609,1,0,0,0
2,2,5/21/2013,4548,622,1,0,0,0
2,1,5/20/2013,0,0,0,0,a,0
2,7,5/19/2013,0,0,0,0,0,0
2,6,5/18/2013,2343,325,1,0,0,0
2,5,5/17/2013,4582,541,1,1,0,0
2,4,5/16/2013,5317,635,1,1,0,0
2,3,5/15/2013,6263,807,1,1,0,0
2,2,5/14/2013,5913,672,1,1,0,0
2,1,5/13/2013,6604,739,1,1,0,0
2,7,5/12/2013,0,0,0,0,0,0
2,6,5/11/2013,2702,367,1,0,0,0
2,5,5/10/2013,4888,636,1,0,0,1
2,4,5/9/2013,0,0,0,0,a,0
2,3,5/8/2013,5605,752,1,0,0,0
2,2,5/7/2013,4131,542,1,0,0,0
2,1,5/6/2013,3840,511,1,0,0,0
2,7,5/5/2013,0,0,0,0,0,0
2,6,5/4/2013,2260,339,1,0,0,0
2,5,5/3/2013,5938,794,1,1,0,0
2,4,5/2/2013,6699,762,1,1,0,0
2,3,5/1/2013,0,0,0,1,a,0
2,2,4/30/2013,6872,708,1,1,0,0
2,1,4/29/2013,6707,744,1,1,0,0
2,7,4/28/2013,0,0,0,0,0,0
2,6,4/27/2013,2134,297,1,0,0,0
2,5,4/26/2013,4914,604,1,1,0,0
2,4,4/25/2013,4689,571,1,1,0,0
2,3,4/24/2013,6260,766,1,1,0,0
2,2,4/23/2013,5775,634,1,1,0,0
2,1,4/22/2013,6774,719,1,1,0,0
2,7,4/21/2013,0,0,0,0,0,0
2,6,4/20/2013,2701,341,1,0,0,0
2,5,4/19/2013,3525,466,1,0,0,0
2,4,4/18/2013,3516,517,1,0,0,0
2,3,4/17/2013,4776,683,1,0,0,0
2,2,4/16/2013,4059,542,1,0,0,0
2,1,4/15/2013,3850,548,1,0,0,0
2,7,4/14/2013,0,0,0,0,0,0
2,6,4/13/2013,2561,324,1,0,0,0
2,5,4/12/2013,4334,519,1,1,0,0
2,4,4/11/2013,5301,606,1,1,0,0
2,3,4/10/2013,6520,780,1,1,0,0
2,2,4/9/2013,6574,667,1,1,0,0
2,1,4/8/2013,6696,732,1,1,0,0
2,7,4/7/2013,0,0,0,0,0,0
2,6,4/6/2013,2461,315,1,0,0,0
2,5,4/5/2013,3872,470,1,0,0,1
2,4,4/4/2013,4114,542,1,0,0,1
2,3,4/3/2013,4250,600,1,0,0,1
2,2,4/2/2013,3643,507,1,0,0,1
2,1,4/1/2013,0,0,0,0,b,1
2,7,3/31/2013,0,0,0,0,0,0
2,6,3/30/2013,4406,493,1,0,0,0
2,5,3/29/2013,0,0,0,1,b,1
2,4,3/28/2013,7229,801,1,1,0,1
2,3,3/27/2013,7880,892,1,1,0,1
2,2,3/26/2013,6384,702,1,1,0,1
2,1,3/25/2013,8412,844,1,1,0,1
2,7,3/24/2013,0,0,0,0,0,0
2,6,3/23/2013,2691,330,1,0,0,0
2,5,3/22/2013,4955,540,1,1,0,0
2,4,3/21/2013,5322,609,1,1,0,0
2,3,3/20/2013,6783,826,1,1,0,0
2,2,3/19/2013,6224,670,1,1,0,0
2,1,3/18/2013,7593,712,1,1,0,0
2,7,3/17/2013,0,0,0,0,0,0
2,6,3/16/2013,2956,346,1,0,0,0
2,5,3/15/2013,4181,491,1,0,0,0
2,4,3/14/2013,3964,514,1,0,0,0
2,3,3/13/2013,3874,516,1,0,0,0
2,2,3/12/2013,2991,424,1,0,0,0
2,1,3/11/2013,3778,505,1,0,0,0
2,7,3/10/2013,0,0,0,0,0,0
2,6,3/9/2013,2208,281,1,0,0,0
2,5,3/8/2013,4822,594,1,1,0,0
2,4,3/7/2013,5747,640,1,1,0,0
2,3,3/6/2013,6842,806,1,1,0,0
2,2,3/5/2013,6357,660,1,1,0,0
2,1,3/4/2013,7993,790,1,1,0,0
2,7,3/3/2013,0,0,0,0,0,0
2,6,3/2/2013,2643,353,1,0,0,0
2,5,3/1/2013,4290,555,1,0,0,0
2,4,2/28/2013,4859,565,1,0,0,0
2,3,2/27/2013,4741,635,1,0,0,0
2,2,2/26/2013,3919,480,1,0,0,0
2,1,2/25/2013,3084,432,1,0,0,0
2,7,2/24/2013,0,0,0,0,0,0
2,6,2/23/2013,1919,230,1,0,0,0
2,5,2/22/2013,4552,509,1,1,0,1
2,4,2/21/2013,5276,589,1,1,0,1
2,3,2/20/2013,6116,689,1,1,0,1
2,2,2/19/2013,5734,588,1,1,0,1
2,1,2/18/2013,7493,757,1,1,0,1
2,7,2/17/2013,0,0,0,0,0,0
2,6,2/16/2013,2401,290,1,0,0,0
2,5,2/15/2013,3812,494,1,0,0,0
2,4,2/14/2013,4439,574,1,0,0,0
2,3,2/13/2013,5001,678,1,0,0,0
2,2,2/12/2013,3968,504,1,0,0,0
2,1,2/11/2013,4303,582,1,0,0,0
2,7,2/10/2013,0,0,0,0,0,0
2,6,2/9/2013,3031,354,1,0,0,0
2,5,2/8/2013,4203,491,1,1,0,0
2,4,2/7/2013,5575,638,1,1,0,0
2,3,2/6/2013,6438,769,1,1,0,0
2,2,2/5/2013,6269,674,1,1,0,0
2,1,2/4/2013,6480,688,1,1,0,0
2,7,2/3/2013,0,0,0,0,0,0
2,6,2/2/2013,2956,361,1,0,0,0
2,5,2/1/2013,4545,554,1,0,0,0
2,4,1/31/2013,4340,517,1,0,0,0
2,3,1/30/2013,4446,608,1,0,0,0
2,2,1/29/2013,3461,476,1,0,0,0
2,1,1/28/2013,3549,488,1,0,0,0
2,7,1/27/2013,0,0,0,0,0,0
2,6,1/26/2013,2205,303,1,0,0,0
2,5,1/25/2013,4589,522,1,1,0,0
2,4,1/24/2013,5091,582,1,1,0,0
2,3,1/23/2013,5974,690,1,1,0,0
2,2,1/22/2013,5803,656,1,1,0,0
2,1,1/21/2013,6311,662,1,1,0,0
2,7,1/20/2013,0,0,0,0,0,0
2,6,1/19/2013,2399,303,1,0,0,0
2,5,1/18/2013,3441,434,1,0,0,0
2,4,1/17/2013,2973,403,1,0,0,0
2,3,1/16/2013,4198,591,1,0,0,0
2,2,1/15/2013,4075,513,1,0,0,0
2,1,1/14/2013,3995,530,1,0,0,0
2,7,1/13/2013,0,0,0,0,0,0
2,6,1/12/2013,2630,337,1,0,0,0
2,5,1/11/2013,4810,539,1,1,0,0
2,4,1/10/2013,5618,637,1,1,0,0
2,3,1/9/2013,6763,785,1,1,0,0
2,2,1/8/2013,6318,685,1,1,0,0
2,1,1/7/2013,6775,763,1,1,0,0
2,7,1/6/2013,0,0,0,0,0,0
2,6,1/5/2013,2342,324,1,0,0,0
2,5,1/4/2013,4484,574,1,0,0,1
2,4,1/3/2013,4159,555,1,0,0,1
2,3,1/2/2013,4422,650,1,0,0,1
2,2,1/1/2013,0,0,0,0,a,1
3,5,7/31/2015,8314,821,1,1,0,1
3,4,7/30/2015,8977,823,1,1,0,1
3,3,7/29/2015,7610,716,1,1,0,1
3,2,7/28/2015,8864,818,1,1,0,1
3,1,7/27/2015,8107,768,1,1,0,1
3,7,7/26/2015,0,0,0,0,0,0
3,6,7/25/2015,3878,412,1,0,0,0
3,5,7/24/2015,5080,607,1,0,0,1
3,4,7/23/2015,5702,655,1,0,0,1
3,3,7/22/2015,5414,607,1,0,0,1
3,2,7/21/2015,5600,661,1,0,0,1
3,1,7/20/2015,5798,671,1,0,0,1
3,7,7/19/2015,0,0,0,0,0,0
3,6,7/18/2015,4258,417,1,0,0,0
3,5,7/17/2015,6679,673,1,1,0,1
3,4,7/16/2015,7909,812,1,1,0,1
3,3,7/15/2015,8663,865,1,1,0,1
3,2,7/14/2015,8625,769,1,1,0,1
3,1,7/13/2015,9462,812,1,1,0,1
3,7,7/12/2015,0,0,0,0,0,0
3,6,7/11/2015,4011,409,1,0,0,0
3,5,7/10/2015,6316,689,1,0,0,1
3,4,7/9/2015,6613,691,1,0,0,1
3,3,7/8/2015,6347,680,1,0,0,1
3,2,7/7/2015,6180,657,1,0,0,1
3,1,7/6/2015,6736,734,1,0,0,1
3,7,7/5/2015,0,0,0,0,0,0
3,6,7/4/2015,4482,456,1,0,0,0
3,5,7/3/2015,8149,742,1,1,0,1
3,4,7/2/2015,7450,701,1,1,0,1
3,3,7/1/2015,8311,772,1,1,0,1
3,2,6/30/2015,13261,1072,1,1,0,1
3,1,6/29/2015,10243,817,1,1,0,1
3,7,6/28/2015,0,0,0,0,0,0
3,6,6/27/2015,5156,641,1,0,0,0
3,5,6/26/2015,6222,698,1,0,0,0
3,4,6/25/2015,5763,693,1,0,0,0
3,3,6/24/2015,5448,633,1,0,0,0
3,2,6/23/2015,6757,779,1,0,0,0
3,1,6/22/2015,5840,638,1,0,0,0
3,7,6/21/2015,0,0,0,0,0,0
3,6,6/20/2015,3891,424,1,0,0,0
3,5,6/19/2015,8074,797,1,1,0,0
3,4,6/18/2015,7537,743,1,1,0,0
3,3,6/17/2015,8524,821,1,1,0,0
3,2,6/16/2015,9780,911,1,1,0,0
3,1,6/15/2015,10818,955,1,1,0,0
3,7,6/14/2015,0,0,0,0,0,0
3,6,6/13/2015,4687,492,1,0,0,0
3,5,6/12/2015,6181,681,1,0,0,0
3,4,6/11/2015,5656,699,1,0,0,0
3,3,6/10/2015,6440,719,1,0,0,0
3,2,6/9/2015,7127,772,1,0,0,0
3,1,6/8/2015,6567,766,1,0,0,0
3,7,6/7/2015,0,0,0,0,0,0
3,6,6/6/2015,4622,539,1,0,0,0
3,5,6/5/2015,9685,935,1,1,0,0
3,4,6/4/2015,0,0,0,1,a,0
3,3,6/3/2015,9590,918,1,1,0,0
3,2,6/2/2015,10455,978,1,1,0,0
3,1,6/1/2015,11594,1012,1,1,0,0
3,7,5/31/2015,0,0,0,0,0,0
3,6,5/30/2015,4542,458,1,0,0,0
3,5,5/29/2015,7421,793,1,0,0,0
3,4,5/28/2015,6475,677,1,0,0,0
3,3,5/27/2015,5589,644,1,0,0,0
3,2,5/26/2015,6443,738,1,0,0,1
3,1,5/25/2015,0,0,0,0,a,0
3,7,5/24/2015,0,0,0,0,0,0
3,6,5/23/2015,4613,485,1,0,0,0
3,5,5/22/2015,7349,769,1,1,0,0
3,4,5/21/2015,7682,776,1,1,0,0
3,3,5/20/2015,8226,798,1,1,0,0
3,2,5/19/2015,8728,871,1,1,0,0
3,1,5/18/2015,10040,919,1,1,0,0
3,7,5/17/2015,0,0,0,0,0,0
3,6,5/16/2015,4149,464,1,0,0,0
3,5,5/15/2015,7515,865,1,0,0,0
3,4,5/14/2015,0,0,0,0,a,0
3,3,5/13/2015,7003,772,1,0,0,0
3,2,5/12/2015,6043,707,1,0,0,0
3,1,5/11/2015,5797,714,1,0,0,0
3,7,5/10/2015,0,0,0,0,0,0
3,6,5/9/2015,6024,743,1,0,0,0
3,5,5/8/2015,9083,891,1,1,0,0
3,4,5/7/2015,7705,800,1,1,0,0
3,3,5/6/2015,9046,877,1,1,0,0
3,2,5/5/2015,8719,818,1,1,0,0
3,1,5/4/2015,9488,928,1,1,0,0
3,7,5/3/2015,0,0,0,0,0,0
3,6,5/2/2015,6564,674,1,0,0,0
3,5,5/1/2015,0,0,0,1,a,0
3,4,4/30/2015,9971,979,1,1,0,0
3,3,4/29/2015,9484,897,1,1,0,0
3,2,4/28/2015,8758,870,1,1,0,0
3,1,4/27/2015,9447,866,1,1,0,0
3,7,4/26/2015,0,0,0,0,0,0
3,6,4/25/2015,4373,473,1,0,0,0
3,5,4/24/2015,5376,658,1,0,0,0
3,4,4/23/2015,5570,677,1,0,0,0
3,3,4/22/2015,5875,685,1,0,0,0
3,2,4/21/2015,5756,678,1,0,0,0
3,1,4/20/2015,5238,661,1,0,0,0
3,7,4/19/2015,0,0,0,0,0,0
3,6,4/18/2015,3772,457,1,0,0,0
3,5,4/17/2015,7735,824,1,1,0,0
3,4,4/16/2015,8336,828,1,1,0,0
3,3,4/15/2015,8651,851,1,1,0,0
3,2,4/14/2015,9274,904,1,1,0,0
3,1,4/13/2015,9563,842,1,1,0,0
3,7,4/12/2015,0,0,0,0,0,0
3,6,4/11/2015,4008,432,1,0,0,0
3,5,4/10/2015,6343,716,1,0,0,1
3,4,4/9/2015,6185,753,1,0,0,1
3,3,4/8/2015,6253,722,1,0,0,1
3,2,4/7/2015,6830,814,1,0,0,1
3,1,4/6/2015,0,0,0,0,b,1
3,7,4/5/2015,0,0,0,0,0,0
3,6,4/4/2015,7123,778,1,0,0,0
3,5,4/3/2015,0,0,0,1,b,1
3,4,4/2/2015,8716,920,1,1,0,1
3,3,4/1/2015,8546,853,1,1,0,1
3,2,3/31/2015,11299,862,1,1,0,1
3,1,3/30/2015,11282,933,1,1,0,1
3,7,3/29/2015,0,0,0,0,0,0
3,6,3/28/2015,4247,464,1,0,0,0
3,5,3/27/2015,5216,625,1,0,0,0
3,4,3/26/2015,6105,695,1,0,0,0
3,3,3/25/2015,5538,679,1,0,0,0
3,2,3/24/2015,5256,670,1,0,0,0
3,1,3/23/2015,5400,668,1,0,0,0
3,7,3/22/2015,0,0,0,0,0,0
3,6,3/21/2015,3494,399,1,0,0,0
3,5,3/20/2015,6971,724,1,1,0,0
3,4,3/19/2015,6947,760,1,1,0,0
3,3,3/18/2015,8626,839,1,1,0,0
3,2,3/17/2015,8154,857,1,1,0,0
3,1,3/16/2015,8998,869,1,1,0,0
3,7,3/15/2015,0,0,0,0,0,0
3,6,3/14/2015,4189,464,1,0,0,0
3,5,3/13/2015,5831,688,1,0,0,0
3,4,3/12/2015,5725,693,1,0,0,0
3,3,3/11/2015,5302,651,1,0,0,0
3,2,3/10/2015,5223,677,1,0,0,0
3,1,3/9/2015,5430,673,1,0,0,0
3,7,3/8/2015,0,0,0,0,0,0
3,6,3/7/2015,4525,544,1,0,0,0
3,5,3/6/2015,8057,829,1,1,0,0
3,4,3/5/2015,7784,833,1,1,0,0
3,3,3/4/2015,7651,768,1,1,0,0
3,2,3/3/2015,8615,817,1,1,0,0
3,1,3/2/2015,10970,974,1,1,0,0
3,7,3/1/2015,0,0,0,0,0,0
3,6,2/28/2015,4574,482,1,0,0,0
3,5,2/27/2015,5640,693,1,0,0,0
3,4,2/26/2015,5978,719,1,0,0,0
3,3,2/25/2015,4650,629,1,0,0,0
3,2,2/24/2015,4982,669,1,0,0,0
3,1,2/23/2015,5354,645,1,0,0,0
3,7,2/22/2015,0,0,0,0,0,0
3,6,2/21/2015,3419,396,1,0,0,0
3,5,2/20/2015,7204,742,1,1,0,0
3,4,2/19/2015,7248,791,1,1,0,0
3,3,2/18/2015,7862,784,1,1,0,0
3,2,2/17/2015,7895,789,1,1,0,0
3,1,2/16/2015,9914,934,1,1,0,0
3,7,2/15/2015,0,0,0,0,0,0
3,6,2/14/2015,4221,498,1,0,0,0
3,5,2/13/2015,6018,765,1,0,0,0
3,4,2/12/2015,5179,666,1,0,0,0
3,3,2/11/2015,6116,710,1,0,0,0
3,2,2/10/2015,5333,685,1,0,0,0
3,1,2/9/2015,5027,643,1,0,0,0
3,7,2/8/2015,0,0,0,0,0,0
3,6,2/7/2015,4781,549,1,0,0,0
3,5,2/6/2015,7920,811,1,1,0,0
3,4,2/5/2015,7195,796,1,1,0,0
3,3,2/4/2015,8155,816,1,1,0,0
3,2,2/3/2015,8950,895,1,1,0,0
3,1,2/2/2015,9922,951,1,1,0,0
3,7,2/1/2015,0,0,0,0,0,0
3,6,1/31/2015,4382,484,1,0,0,0
3,5,1/30/2015,6911,678,1,1,0,0
3,4,1/29/2015,7485,738,1,1,0,0
3,3,1/28/2015,6883,722,1,1,0,0
3,2,1/27/2015,8292,893,1,1,0,0
3,1,1/26/2015,8055,765,1,1,0,0
3,7,1/25/2015,0,0,0,0,0,0
3,6,1/24/2015,3452,381,1,0,0,0
3,5,1/23/2015,5701,672,1,0,0,0
3,4,1/22/2015,4677,595,1,0,0,0
3,3,1/21/2015,5024,651,1,0,0,0
3,2,1/20/2015,4848,645,1,0,0,0
3,1,1/19/2015,5420,703,1,0,0,0
3,7,1/18/2015,0,0,0,0,0,0
3,6,1/17/2015,4610,492,1,0,0,0
3,5,1/16/2015,8497,865,1,1,0,0
3,4,1/15/2015,6578,721,1,1,0,0
3,3,1/14/2015,7417,746,1,1,0,0
3,2,1/13/2015,7464,717,1,1,0,0
3,1,1/12/2015,8209,814,1,1,0,0
3,7,1/11/2015,0,0,0,0,0,0
3,6,1/10/2015,3373,391,1,0,0,0
3,5,1/9/2015,7719,733,1,1,0,0
3,4,1/8/2015,6300,684,1,1,0,0
3,3,1/7/2015,7253,754,1,1,0,0
3,2,1/6/2015,8739,869,1,1,0,1
3,1,1/5/2015,10684,946,1,1,0,1
3,7,1/4/2015,0,0,0,0,0,0
3,6,1/3/2015,4299,507,1,0,0,0
3,5,1/2/2015,5523,698,1,0,0,1
3,4,1/1/2015,0,0,0,0,a,1
3,3,12/31/2014,3804,408,1,0,0,1
3,2,12/30/2014,8376,957,1,0,0,1
3,1,12/29/2014,8788,941,1,0,0,1
3,7,12/28/2014,0,0,0,0,0,0
3,6,12/27/2014,4825,569,1,0,0,0
3,5,12/26/2014,0,0,0,0,c,1
3,4,12/25/2014,0,0,0,0,c,1
3,3,12/24/2014,4310,582,1,0,0,1
3,2,12/23/2014,12121,1352,1,0,0,1
3,1,12/22/2014,11282,1209,1,0,0,1
3,7,12/21/2014,0,0,0,0,0,0
3,6,12/20/2014,8094,839,1,0,0,0
3,5,12/19/2014,9598,957,1,1,0,0
3,4,12/18/2014,11617,1121,1,1,0,0
3,3,12/17/2014,10510,917,1,1,0,0
3,2,12/16/2014,13072,1204,1,1,0,0
3,1,12/15/2014,13472,1115,1,1,0,0
3,7,12/14/2014,0,0,0,0,0,0
3,6,12/13/2014,6621,775,1,0,0,0
3,5,12/12/2014,5481,604,1,0,0,0
3,4,12/11/2014,6363,723,1,0,0,0
3,3,12/10/2014,5256,635,1,0,0,0
3,2,12/9/2014,6446,785,1,0,0,0
3,1,12/8/2014,5792,738,1,0,0,0
3,7,12/7/2014,0,0,0,0,0,0
3,6,12/6/2014,7669,947,1,0,0,0
3,5,12/5/2014,10190,1096,1,1,0,0
3,4,12/4/2014,8766,935,1,1,0,0
3,3,12/3/2014,9694,962,1,1,0,0
3,2,12/2/2014,9044,932,1,1,0,0
3,1,12/1/2014,10369,962,1,1,0,0
3,7,11/30/2014,0,0,0,0,0,0
3,6,11/29/2014,6702,723,1,0,0,0
3,5,11/28/2014,9700,953,1,1,0,0
3,4,11/27/2014,8508,896,1,1,0,0
3,3,11/26/2014,8397,837,1,1,0,0
3,2,11/25/2014,8577,875,1,1,0,0
3,1,11/24/2014,8886,855,1,1,0,0
3,7,11/23/2014,0,0,0,0,0,0
3,6,11/22/2014,3989,467,1,0,0,0
3,5,11/21/2014,5865,737,1,0,0,0
3,4,11/20/2014,6019,734,1,0,0,0
3,3,11/19/2014,5490,684,1,0,0,0
3,2,11/18/2014,5195,659,1,0,0,0
3,1,11/17/2014,5935,718,1,0,0,0
3,7,11/16/2014,0,0,0,0,0,0
3,6,11/15/2014,4397,515,1,0,0,0
3,5,11/14/2014,7836,778,1,1,0,0
3,4,11/13/2014,7560,800,1,1,0,0
3,3,11/12/2014,7839,809,1,1,0,0
3,2,11/11/2014,8708,879,1,1,0,0
3,1,11/10/2014,8533,831,1,1,0,0
3,7,11/9/2014,0,0,0,0,0,0
3,6,11/8/2014,4055,477,1,0,0,0
3,5,11/7/2014,8091,840,1,1,0,0
3,4,11/6/2014,8072,832,1,1,0,0
3,3,11/5/2014,9172,892,1,1,0,0
3,2,11/4/2014,9863,940,1,1,0,0
3,1,11/3/2014,10855,1005,1,1,0,0
3,7,11/2/2014,0,0,0,0,0,0
3,6,11/1/2014,0,0,0,0,a,0
3,5,10/31/2014,6788,823,1,0,0,0
3,4,10/30/2014,5357,711,1,0,0,0
3,3,10/29/2014,4716,597,1,0,0,0
3,2,10/28/2014,4745,636,1,0,0,0
3,1,10/27/2014,4848,684,1,0,0,0
3,7,10/26/2014,0,0,0,0,0,0
3,6,10/25/2014,3266,421,1,0,0,0
3,5,10/24/2014,6251,757,1,1,0,0
3,4,10/23/2014,7177,788,1,1,0,0
3,3,10/22/2014,7380,738,1,1,0,0
3,2,10/21/2014,6855,700,1,1,0,0
3,1,10/20/2014,8266,814,1,1,0,0
3,7,10/19/2014,0,0,0,0,0,0
3,6,10/18/2014,3367,424,1,0,0,0
3,5,10/17/2014,5485,656,1,0,0,1
3,4,10/16/2014,5271,652,1,0,0,1
3,3,10/15/2014,5008,639,1,0,0,1
3,2,10/14/2014,5114,694,1,0,0,1
3,1,10/13/2014,5035,673,1,0,0,1
3,7,10/12/2014,0,0,0,0,0,0
3,6,10/11/2014,3697,420,1,0,0,0
3,5,10/10/2014,7448,802,1,1,0,1
3,4,10/9/2014,7206,759,1,1,0,1
3,3,10/8/2014,8472,842,1,1,0,1
3,2,10/7/2014,7699,742,1,1,0,1
3,1,10/6/2014,10598,982,1,1,0,1
3,7,10/5/2014,0,0,0,0,0,0
3,6,10/4/2014,5420,622,1,0,0,0
3,5,10/3/2014,0,0,0,1,a,0
3,4,10/2/2014,8565,937,1,1,0,0
3,3,10/1/2014,8331,851,1,1,0,0
3,2,9/30/2014,12260,1084,1,1,0,0
3,1,9/29/2014,10066,960,1,1,0,0
3,7,9/28/2014,0,0,0,0,0,0
3,6,9/27/2014,3846,431,1,0,0,0
3,5,9/26/2014,4853,658,1,0,0,0
3,4,9/25/2014,4575,628,1,0,0,0
3,3,9/24/2014,4620,636,1,0,0,0
3,2,9/23/2014,5026,696,1,0,0,0
3,1,9/22/2014,4658,583,1,0,0,0
3,7,9/21/2014,0,0,0,0,0,0
3,6,9/20/2014,3574,398,1,0,0,0
3,5,9/19/2014,7729,803,1,1,0,0
3,4,9/18/2014,7563,775,1,1,0,0
3,3,9/17/2014,8034,795,1,1,0,0
3,2,9/16/2014,8607,879,1,1,0,0
3,1,9/15/2014,10098,977,1,1,0,0
3,7,9/14/2014,0,0,0,0,0,0
3,6,9/13/2014,3737,439,1,0,0,0
3,5,9/12/2014,5665,705,1,0,0,0
3,4,9/11/2014,5389,724,1,0,0,0
3,3,9/10/2014,5164,659,1,0,0,0
3,2,9/9/2014,5978,732,1,0,0,0
3,1,9/8/2014,6061,714,1,0,0,0
3,7,9/7/2014,0,0,0,0,0,0
3,6,9/6/2014,3562,439,1,0,0,0
3,5,9/5/2014,6564,686,1,1,0,0
3,4,9/4/2014,7659,796,1,1,0,0
3,3,9/3/2014,8659,843,1,1,0,0
3,2,9/2/2014,8989,863,1,1,0,0
3,1,9/1/2014,10679,962,1,1,0,0
3,7,8/31/2014,0,0,0,0,0,0
3,6,8/30/2014,4322,475,1,0,0,0
3,5,8/29/2014,6889,750,1,0,0,0
3,4,8/28/2014,5452,714,1,0,0,0
3,3,8/27/2014,5055,658,1,0,0,0
3,2,8/26/2014,5666,690,1,0,0,0
3,1,8/25/2014,5393,703,1,0,0,0
3,7,8/24/2014,0,0,0,0,0,0
3,6,8/23/2014,3698,457,1,0,0,0
3,5,8/22/2014,6610,752,1,1,0,0
3,4,8/21/2014,6933,768,1,1,0,0
3,3,8/20/2014,7661,839,1,1,0,0
3,2,8/19/2014,8854,884,1,1,0,1
3,1,8/18/2014,9258,888,1,1,0,1
3,7,8/17/2014,0,0,0,0,0,0
3,6,8/16/2014,3216,404,1,0,0,0
3,5,8/15/2014,5156,677,1,0,0,1
3,4,8/14/2014,5668,702,1,0,0,1
3,3,8/13/2014,6051,753,1,0,0,1
3,2,8/12/2014,5431,696,1,0,0,1
3,1,8/11/2014,6114,757,1,0,0,1
3,7,8/10/2014,0,0,0,0,0,0
3,6,8/9/2014,3131,408,1,0,0,0
3,5,8/8/2014,6763,760,1,1,0,1
3,4,8/7/2014,8010,827,1,1,0,1
3,3,8/6/2014,7499,798,1,1,0,1
3,2,8/5/2014,8714,868,1,1,0,1
3,1,8/4/2014,9055,891,1,1,0,1
3,7,8/3/2014,0,0,0,0,0,0
3,6,8/2/2014,4157,466,1,0,0,0
3,5,8/1/2014,7893,787,1,1,0,1
3,4,7/31/2014,8891,877,1,1,0,1
3,3,7/30/2014,8399,809,1,1,0,1
3,2,7/29/2014,7497,740,1,1,0,1
3,1,7/28/2014,8778,787,1,1,0,1
3,7,7/27/2014,0,0,0,0,0,0
3,6,7/26/2014,4132,449,1,0,0,0
3,5,7/25/2014,4346,562,1,0,0,1
3,4,7/24/2014,5139,603,1,0,0,1
3,3,7/23/2014,5553,643,1,0,0,1
3,2,7/22/2014,6267,675,1,0,0,1
3,1,7/21/2014,5884,652,1,0,0,1
3,7,7/20/2014,0,0,0,0,0,0
3,6,7/19/2014,3251,394,1,0,0,0
3,5,7/18/2014,6751,704,1,1,0,1
3,4,7/17/2014,7874,808,1,1,0,1
3,3,7/16/2014,8036,833,1,1,0,1
3,2,7/15/2014,9153,864,1,1,0,1
3,1,7/14/2014,8761,831,1,1,0,1
3,7,7/13/2014,0,0,0,0,0,0
3,6,7/12/2014,4098,435,1,0,0,0
3,5,7/11/2014,6441,715,1,0,0,1
3,4,7/10/2014,6701,704,1,0,0,1
3,3,7/9/2014,5006,571,1,0,0,1
3,2,7/8/2014,5039,609,1,0,0,1
3,1,7/7/2014,6884,784,1,0,0,1
3,7,7/6/2014,0,0,0,0,0,0
3,6,7/5/2014,4763,529,1,0,0,0
3,5,7/4/2014,7585,812,1,1,0,0
3,4,7/3/2014,8883,920,1,1,0,0
3,3,7/2/2014,8646,874,1,1,0,0
3,2,7/1/2014,8373,866,1,1,0,0
3,1,6/30/2014,15689,1193,1,1,0,0
3,7,6/29/2014,0,0,0,0,0,0
3,6,6/28/2014,5802,635,1,0,0,0
3,5,6/27/2014,5162,623,1,0,0,0
3,4,6/26/2014,5766,662,1,0,0,0
3,3,6/25/2014,5618,705,1,0,0,0
3,2,6/24/2014,5599,660,1,0,0,0
3,1,6/23/2014,5182,683,1,0,0,0
3,7,6/22/2014,0,0,0,0,0,0
3,6,6/21/2014,4208,469,1,0,0,0
3,5,6/20/2014,9752,962,1,1,0,0
3,4,6/19/2014,0,0,0,1,a,0
3,3,6/18/2014,9218,879,1,1,0,0
3,2,6/17/2014,10249,977,1,1,0,0
3,1,6/16/2014,10299,920,1,1,0,0
3,7,6/15/2014,0,0,0,0,0,0
3,6,6/14/2014,4517,475,1,0,0,0
3,5,6/13/2014,6343,727,1,0,0,0
3,4,6/12/2014,6889,782,1,0,0,0
3,3,6/11/2014,5947,684,1,0,0,0
3,2,6/10/2014,5831,731,1,0,0,1
3,1,6/9/2014,0,0,0,0,a,0
3,7,6/8/2014,0,0,0,0,0,0
3,6,6/7/2014,4903,571,1,0,0,0
3,5,6/6/2014,8015,818,1,1,0,0
3,4,6/5/2014,8018,817,1,1,0,0
3,3,6/4/2014,7768,812,1,1,0,0
3,2,6/3/2014,9614,919,1,1,0,0
3,1,6/2/2014,10912,1011,1,1,0,0
3,7,6/1/2014,0,0,0,0,0,0
3,6,5/31/2014,4725,514,1,0,0,0
3,5,5/30/2014,8510,965,1,0,0,0
3,4,5/29/2014,0,0,0,0,a,0
3,3,5/28/2014,4925,619,1,0,0,0
3,2,5/27/2014,4651,587,1,0,0,0
3,1,5/26/2014,5458,702,1,0,0,0
3,7,5/25/2014,0,0,0,0,0,0
3,6,5/24/2014,4236,470,1,0,0,0
3,5,5/23/2014,6619,710,1,1,0,0
3,4,5/22/2014,6899,753,1,1,0,0
3,3,5/21/2014,7139,769,1,1,0,0
3,2,5/20/2014,7828,869,1,1,0,0
3,1,5/19/2014,9011,902,1,1,0,0
3,7,5/18/2014,0,0,0,0,0,0
3,6,5/17/2014,3485,444,1,0,0,0
3,5,5/16/2014,5744,711,1,0,0,0
3,4,5/15/2014,5190,672,1,0,0,0
3,3,5/14/2014,5142,668,1,0,0,0
3,2,5/13/2014,6174,720,1,0,0,0
3,1,5/12/2014,4367,594,1,0,0,0
3,7,5/11/2014,0,0,0,0,0,0
3,6,5/10/2014,5868,720,1,0,0,0
3,5,5/9/2014,7499,802,1,1,0,0
3,4,5/8/2014,7396,796,1,1,0,0
3,3,5/7/2014,8435,855,1,1,0,0
3,2,5/6/2014,8925,891,1,1,0,0
3,1,5/5/2014,9327,926,1,1,0,0
3,7,5/4/2014,0,0,0,0,0,0
3,6,5/3/2014,4950,557,1,0,0,0
3,5,5/2/2014,10994,1066,1,1,0,0
3,4,5/1/2014,0,0,0,1,a,0
3,3,4/30/2014,10482,1015,1,1,0,0
3,2,4/29/2014,8455,874,1,1,0,0
3,1,4/28/2014,9500,934,1,1,0,0
3,7,4/27/2014,0,0,0,0,0,0
3,6,4/26/2014,3906,443,1,0,0,0
3,5,4/25/2014,5241,673,1,0,0,1
3,4,4/24/2014,5389,684,1,0,0,1
3,3,4/23/2014,5561,684,1,0,0,1
3,2,4/22/2014,6172,782,1,0,0,1
3,1,4/21/2014,0,0,0,0,b,1
3,7,4/20/2014,0,0,0,0,0,0
3,6,4/19/2014,5794,690,1,0,0,0
3,5,4/18/2014,0,0,0,1,b,1
3,4,4/17/2014,8309,946,1,1,0,1
3,3,4/16/2014,9311,954,1,1,0,1
3,2,4/15/2014,10021,951,1,1,0,1
3,1,4/14/2014,10103,930,1,1,0,1
3,7,4/13/2014,0,0,0,0,0,0
3,6,4/12/2014,3795,430,1,0,0,0
3,5,4/11/2014,6169,696,1,0,0,0
3,4,4/10/2014,5683,700,1,0,0,0
3,3,4/9/2014,5389,655,1,0,0,0
3,2,4/8/2014,5218,628,1,0,0,0
3,1,4/7/2014,5121,671,1,0,0,0
3,7,4/6/2014,0,0,0,0,0,0
3,6,4/5/2014,3904,434,1,0,0,0
3,5,4/4/2014,7562,827,1,1,0,0
3,4,4/3/2014,7477,838,1,1,0,0
3,3,4/2/2014,7481,791,1,1,0,0
3,2,4/1/2014,6800,804,1,1,0,0
3,1,3/31/2014,13588,1161,1,1,0,0
3,7,3/30/2014,0,0,0,0,0,0
3,6,3/29/2014,4200,466,1,0,0,0
3,5,3/28/2014,6194,737,1,0,0,0
3,4,3/27/2014,4969,635,1,0,0,0
3,3,3/26/2014,5158,634,1,0,0,0
3,2,3/25/2014,5207,692,1,0,0,0
3,1,3/24/2014,5248,696,1,0,0,0
3,7,3/23/2014,0,0,0,0,0,0
3,6,3/22/2014,4389,470,1,0,0,0
3,5,3/21/2014,6765,711,1,1,0,0
3,4,3/20/2014,7390,796,1,1,0,0
3,3,3/19/2014,8417,843,1,1,0,0
3,2,3/18/2014,9011,867,1,1,0,0
3,1,3/17/2014,9154,908,1,1,0,0
3,7,3/16/2014,0,0,0,0,0,0
3,6,3/15/2014,4255,448,1,0,0,0
3,5,3/14/2014,6245,705,1,0,0,0
3,4,3/13/2014,4918,719,1,0,0,0
3,3,3/12/2014,4951,649,1,0,0,0
3,2,3/11/2014,5412,684,1,0,0,0
3,1,3/10/2014,4928,703,1,0,0,0
3,7,3/9/2014,0,0,0,0,0,0
3,6,3/8/2014,3407,426,1,0,0,0
3,5,3/7/2014,8321,861,1,1,0,0
3,4,3/6/2014,8140,835,1,1,0,0
3,3,3/5/2014,8867,878,1,1,0,0
3,2,3/4/2014,9520,901,1,1,0,0
3,1,3/3/2014,11091,1032,1,1,0,0
3,7,3/2/2014,0,0,0,0,0,0
3,6,3/1/2014,4718,539,1,0,0,0
3,5,2/28/2014,6792,786,1,0,0,0
3,4,2/27/2014,5324,684,1,0,0,0
3,3,2/26/2014,4580,640,1,0,0,0
3,2,2/25/2014,4858,680,1,0,0,0
3,1,2/24/2014,5141,672,1,0,0,0
3,7,2/23/2014,0,0,0,0,0,0
3,6,2/22/2014,4082,475,1,0,0,0
3,5,2/21/2014,7511,799,1,1,0,0
3,4,2/20/2014,6798,766,1,1,0,0
3,3,2/19/2014,8156,812,1,1,0,0
3,2,2/18/2014,8382,843,1,1,0,0
3,1,2/17/2014,10020,989,1,1,0,0
3,7,2/16/2014,0,0,0,0,0,0
3,6,2/15/2014,3793,415,1,0,0,0
3,5,2/14/2014,6213,753,1,0,0,0
3,4,2/13/2014,5132,684,1,0,0,0
3,3,2/12/2014,5675,710,1,0,0,0
3,2,2/11/2014,4877,662,1,0,0,0
3,1,2/10/2014,5396,737,1,0,0,0
3,7,2/9/2014,0,0,0,0,0,0
3,6,2/8/2014,4369,457,1,0,0,0
3,5,2/7/2014,7198,767,1,1,0,0
3,4,2/6/2014,7920,828,1,1,0,0
3,3,2/5/2014,8124,834,1,1,0,0
3,2,2/4/2014,10084,914,1,1,0,0
3,1,2/3/2014,11861,1030,1,1,0,0
3,7,2/2/2014,0,0,0,0,0,0
3,6,2/1/2014,4968,499,1,0,0,0
3,5,1/31/2014,8097,812,1,0,0,0
3,4,1/30/2014,5219,658,1,0,0,0
3,3,1/29/2014,4887,628,1,0,0,0
3,2,1/28/2014,4816,630,1,0,0,0
3,1,1/27/2014,4602,633,1,0,0,0
3,7,1/26/2014,0,0,0,0,0,0
3,6,1/25/2014,3416,440,1,0,0,0
3,5,1/24/2014,6981,748,1,1,0,0
3,4,1/23/2014,7857,799,1,1,0,0
3,3,1/22/2014,9642,1006,1,1,0,0
3,2,1/21/2014,9246,850,1,1,0,0
3,1,1/20/2014,10251,943,1,1,0,0
3,7,1/19/2014,0,0,0,0,0,0
3,6,1/18/2014,4232,449,1,0,0,0
3,5,1/17/2014,5115,660,1,0,0,0
3,4,1/16/2014,5395,681,1,0,0,0
3,3,1/15/2014,5163,665,1,0,0,0
3,2,1/14/2014,4934,648,1,0,0,0
3,1,1/13/2014,5420,682,1,0,0,0
3,7,1/12/2014,0,0,0,0,0,0
3,6,1/11/2014,4397,482,1,0,0,0
3,5,1/10/2014,9242,902,1,1,0,0
3,4,1/9/2014,7081,743,1,1,0,0
3,3,1/8/2014,8242,794,1,1,0,0
3,2,1/7/2014,11215,990,1,1,0,1
3,1,1/6/2014,11326,946,1,1,0,1
3,7,1/5/2014,0,0,0,0,0,0
3,6,1/4/2014,4727,537,1,0,0,0
3,5,1/3/2014,6821,766,1,0,0,1
3,4,1/2/2014,5703,690,1,0,0,1
3,3,1/1/2014,0,0,0,0,a,1
3,2,12/31/2013,4081,463,1,0,0,1
3,1,12/30/2013,10503,1165,1,0,0,1
3,7,12/29/2013,0,0,0,0,0,0
3,6,12/28/2013,3927,420,1,0,0,0
3,5,12/27/2013,8158,966,1,0,0,1
3,4,12/26/2013,0,0,0,0,c,1
3,3,12/25/2013,0,0,0,0,c,1
3,2,12/24/2013,4460,625,1,0,0,1
3,1,12/23/2013,14461,1579,1,0,0,1
3,7,12/22/2013,0,0,0,0,0,0
3,6,12/21/2013,8215,997,1,0,0,0
3,5,12/20/2013,12352,1227,1,1,0,0
3,4,12/19/2013,10463,1105,1,1,0,0
3,3,12/18/2013,12564,1198,1,1,0,0
3,2,12/17/2013,14555,1284,1,1,0,0
3,1,12/16/2013,14647,1282,1,1,0,0
3,7,12/15/2013,0,0,0,0,0,0
3,6,12/14/2013,6688,721,1,0,0,0
3,5,12/13/2013,7146,877,1,0,0,0
3,4,12/12/2013,6921,850,1,0,0,0
3,3,12/11/2013,7577,887,1,0,0,0
3,2,12/10/2013,6595,841,1,0,0,0
3,1,12/9/2013,5478,716,1,0,0,0
3,7,12/8/2013,0,0,0,0,0,0
3,6,12/7/2013,7151,886,1,0,0,0
3,5,12/6/2013,8300,859,1,1,0,0
3,4,12/5/2013,7872,727,1,1,0,0
3,3,12/4/2013,9624,948,1,1,0,0
3,2,12/3/2013,10485,1039,1,1,0,0
3,1,12/2/2013,12144,1097,1,1,0,0
3,7,12/1/2013,0,0,0,0,0,0
3,6,11/30/2013,6960,759,1,0,0,0
3,5,11/29/2013,7152,795,1,0,0,0
3,4,11/28/2013,6096,797,1,0,0,0
3,3,11/27/2013,5942,666,1,0,0,0
3,2,11/26/2013,5880,733,1,0,0,0
3,1,11/25/2013,5968,734,1,0,0,0
3,7,11/24/2013,0,0,0,0,0,0
3,6,11/23/2013,4109,486,1,0,0,0
3,5,11/22/2013,7697,807,1,1,0,0
3,4,11/21/2013,7630,824,1,1,0,0
3,3,11/20/2013,8573,867,1,1,0,0
3,2,11/19/2013,8865,902,1,1,0,0
3,1,11/18/2013,9719,932,1,1,0,0
3,7,11/17/2013,0,0,0,0,0,0
3,6,11/16/2013,3893,451,1,0,0,0
3,5,11/15/2013,5919,742,1,0,0,0
3,4,11/14/2013,5240,685,1,0,0,0
3,3,11/13/2013,5530,713,1,0,0,0
3,2,11/12/2013,5267,678,1,0,0,0
3,1,11/11/2013,5084,661,1,0,0,0
3,7,11/10/2013,0,0,0,0,0,0
3,6,11/9/2013,4305,491,1,0,0,0
3,5,11/8/2013,7958,857,1,1,0,0
3,4,11/7/2013,7662,786,1,1,0,0
3,3,11/6/2013,8378,833,1,1,0,0
3,2,11/5/2013,10275,984,1,1,0,0
3,1,11/4/2013,9119,832,1,1,0,0
3,7,11/3/2013,0,0,0,0,0,0
3,6,11/2/2013,6359,641,1,0,0,0
3,5,11/1/2013,0,0,0,0,a,1
3,4,10/31/2013,6532,802,1,0,0,1
3,3,10/30/2013,5900,683,1,0,0,1
3,2,10/29/2013,4838,634,1,0,0,1
3,1,10/28/2013,4025,491,1,0,0,1
3,7,10/27/2013,0,0,0,0,0,0
3,6,10/26/2013,2936,413,1,0,0,0
3,5,10/25/2013,6614,764,1,1,0,1
3,4,10/24/2013,7163,784,1,1,0,1
3,3,10/23/2013,7839,834,1,1,0,1
3,2,10/22/2013,8058,831,1,1,0,1
3,1,10/21/2013,9712,969,1,1,0,1
3,7,10/20/2013,0,0,0,0,0,0
3,6,10/19/2013,3568,418,1,0,0,0
3,5,10/18/2013,5684,724,1,0,0,0
3,4,10/17/2013,5261,678,1,0,0,0
3,3,10/16/2013,5563,710,1,0,0,0
3,2,10/15/2013,5598,705,1,0,0,0
3,1,10/14/2013,5982,757,1,0,0,0
3,7,10/13/2013,0,0,0,0,0,0
3,6,10/12/2013,4076,460,1,0,0,0
3,5,10/11/2013,7076,700,1,1,0,0
3,4,10/10/2013,8711,913,1,1,0,0
3,3,10/9/2013,8250,817,1,1,0,0
3,2,10/8/2013,9269,885,1,1,0,0
3,1,10/7/2013,10779,940,1,1,0,0
3,7,10/6/2013,0,0,0,0,0,0
3,6,10/5/2013,4802,555,1,0,0,0
3,5,10/4/2013,8093,888,1,0,0,0
3,4,10/3/2013,0,0,0,0,a,0
3,3,10/2/2013,6045,765,1,0,0,0
3,2,10/1/2013,5903,743,1,0,0,0
3,1,9/30/2013,8988,945,1,0,0,0
3,7,9/29/2013,0,0,0,0,0,0
3,6,9/28/2013,3845,444,1,0,0,0
3,5,9/27/2013,8387,845,1,1,0,0
3,4,9/26/2013,7003,759,1,1,0,0
3,3,9/25/2013,7475,812,1,1,0,0
3,2,9/24/2013,8376,893,1,1,0,0
3,1,9/23/2013,9002,885,1,1,0,0
3,7,9/22/2013,0,0,0,0,0,0
3,6,9/21/2013,3554,461,1,0,0,0
3,5,9/20/2013,5426,669,1,0,0,0
3,4,9/19/2013,5120,672,1,0,0,0
3,3,9/18/2013,5378,681,1,0,0,0
3,2,9/17/2013,5517,725,1,0,0,0
3,1,9/16/2013,5391,692,1,0,0,0
3,7,9/15/2013,0,0,0,0,0,0
3,6,9/14/2013,3537,393,1,0,0,0
3,5,9/13/2013,8610,893,1,1,0,0
3,4,9/12/2013,8774,876,1,1,0,0
3,3,9/11/2013,8568,796,1,1,0,0
3,2,9/10/2013,8361,774,1,1,0,0
3,1,9/9/2013,11058,995,1,1,0,0
3,7,9/8/2013,0,0,0,0,0,0
3,6,9/7/2013,3661,444,1,0,0,0
3,5,9/6/2013,4750,635,1,0,0,0
3,4,9/5/2013,4921,641,1,0,0,0
3,3,9/4/2013,6116,750,1,0,0,0
3,2,9/3/2013,5847,739,1,0,0,1
3,1,9/2/2013,5625,720,1,0,0,1
3,7,9/1/2013,0,0,0,0,0,0
3,6,8/31/2013,3584,448,1,0,0,0
3,5,8/30/2013,8954,909,1,1,0,1
3,4,8/29/2013,7384,823,1,1,0,1
3,3,8/28/2013,8266,871,1,1,0,1
3,2,8/27/2013,8893,914,1,1,0,1
3,1,8/26/2013,9613,948,1,1,0,1
3,7,8/25/2013,0,0,0,0,0,0
3,6,8/24/2013,3525,427,1,0,0,0
3,5,8/23/2013,4692,633,1,0,0,1
3,4,8/22/2013,5225,670,1,0,0,1
3,3,8/21/2013,5070,673,1,0,0,1
3,2,8/20/2013,5290,671,1,0,0,1
3,1,8/19/2013,4369,539,1,0,0,1
3,7,8/18/2013,0,0,0,0,0,0
3,6,8/17/2013,3242,421,1,0,0,0
3,5,8/16/2013,7585,850,1,1,0,1
3,4,8/15/2013,8369,867,1,1,0,1
3,3,8/14/2013,8452,844,1,1,0,1
3,2,8/13/2013,10004,1007,1,1,0,1
3,1,8/12/2013,10962,1006,1,1,0,1
3,7,8/11/2013,0,0,0,0,0,0
3,6,8/10/2013,3883,427,1,0,0,0
3,5,8/9/2013,5991,705,1,0,0,1
3,4,8/8/2013,5916,684,1,0,0,1
3,3,8/7/2013,5982,716,1,0,0,1
3,2,8/6/2013,6166,737,1,0,0,1
3,1,8/5/2013,5991,748,1,0,0,1
3,7,8/4/2013,0,0,0,0,0,0
3,6,8/3/2013,4546,532,1,0,0,0
3,5,8/2/2013,7610,748,1,1,0,1
3,4,8/1/2013,8738,893,1,1,0,1
3,3,7/31/2013,10895,1036,1,1,0,1
3,2,7/30/2013,10451,958,1,1,0,1
3,1,7/29/2013,10853,965,1,1,0,1
3,7,7/28/2013,0,0,0,0,0,0
3,6,7/27/2013,3845,433,1,0,0,0
3,5,7/26/2013,5283,656,1,0,0,1
3,4,7/25/2013,5936,717,1,0,0,1
3,3,7/24/2013,5430,659,1,0,0,1
3,2,7/23/2013,5723,656,1,0,0,1
3,1,7/22/2013,5152,640,1,0,0,1
3,7,7/21/2013,0,0,0,0,0,0
3,6,7/20/2013,4392,484,1,0,0,0
3,5,7/19/2013,9174,926,1,1,0,0
3,4,7/18/2013,9098,927,1,1,0,0
3,3,7/17/2013,9886,909,1,1,0,0
3,2,7/16/2013,11756,1070,1,1,0,0
3,1,7/15/2013,12179,1094,1,1,0,0
3,7,7/14/2013,0,0,0,0,0,0
3,6,7/13/2013,4056,489,1,0,0,0
3,5,7/12/2013,5769,715,1,0,0,0
3,4,7/11/2013,6035,698,1,0,0,0
3,3,7/10/2013,6691,798,1,0,0,0
3,2,7/9/2013,6097,768,1,0,0,0
3,1,7/8/2013,6103,737,1,0,0,0
3,7,7/7/2013,0,0,0,0,0,0
3,6,7/6/2013,4882,582,1,0,0,0
3,5,7/5/2013,9257,930,1,1,0,0
3,4,7/4/2013,8932,930,1,1,0,0
3,3,7/3/2013,9924,908,1,1,0,0
3,2,7/2/2013,9158,892,1,1,0,0
3,1,7/1/2013,9469,949,1,1,0,0
3,7,6/30/2013,0,0,0,0,0,0
3,6,6/29/2013,6227,742,1,0,0,0
3,5,6/28/2013,8280,887,1,0,0,0
3,4,6/27/2013,6546,787,1,0,0,0
3,3,6/26/2013,5461,676,1,0,0,0
3,2,6/25/2013,5414,701,1,0,0,0
3,1,6/24/2013,6538,716,1,0,0,0
3,7,6/23/2013,0,0,0,0,0,0
3,6,6/22/2013,4199,485,1,0,0,0
3,5,6/21/2013,8739,863,1,1,0,0
3,4,6/20/2013,6633,710,1,1,0,0
3,3,6/19/2013,7745,761,1,1,0,0
3,2,6/18/2013,9065,892,1,1,0,0
3,1,6/17/2013,10328,986,1,1,0,0
3,7,6/16/2013,0,0,0,0,0,0
3,6,6/15/2013,4330,491,1,0,0,0
3,5,6/14/2013,6440,742,1,0,0,0
3,4,6/13/2013,5499,647,1,0,0,0
3,3,6/12/2013,5520,657,1,0,0,0
3,2,6/11/2013,5592,727,1,0,0,0
3,1,6/10/2013,5881,742,1,0,0,0
3,7,6/9/2013,0,0,0,0,0,0
3,6,6/8/2013,4002,480,1,0,0,0
3,5,6/7/2013,8351,895,1,1,0,0
3,4,6/6/2013,8051,840,1,1,0,0
3,3,6/5/2013,7714,816,1,1,0,0
3,2,6/4/2013,8935,904,1,1,0,0
3,1,6/3/2013,10025,1014,1,1,0,0
3,7,6/2/2013,0,0,0,0,0,0
3,6,6/1/2013,4947,587,1,0,0,0
3,5,5/31/2013,12211,1167,1,1,0,0
3,4,5/30/2013,0,0,0,1,a,0
3,3,5/29/2013,9222,945,1,1,0,0
3,2,5/28/2013,9168,911,1,1,0,0
3,1,5/27/2013,9551,948,1,1,0,0
3,7,5/26/2013,0,0,0,0,0,0
3,6,5/25/2013,4144,468,1,0,0,0
3,5,5/24/2013,6220,780,1,0,0,0
3,4,5/23/2013,4929,648,1,0,0,0
3,3,5/22/2013,5617,702,1,0,0,0
3,2,5/21/2013,6829,829,1,0,0,1
3,1,5/20/2013,0,0,0,0,a,0
3,7,5/19/2013,0,0,0,0,0,0
3,6,5/18/2013,3946,443,1,0,0,0
3,5,5/17/2013,7980,827,1,1,0,0
3,4,5/16/2013,8081,886,1,1,0,0
3,3,5/15/2013,8094,878,1,1,0,0
3,2,5/14/2013,8802,937,1,1,0,0
3,1,5/13/2013,8836,860,1,1,0,0
3,7,5/12/2013,0,0,0,0,0,0
3,6,5/11/2013,6103,847,1,0,0,0
3,5,5/10/2013,7821,909,1,0,0,0
3,4,5/9/2013,0,0,0,0,a,0
3,3,5/8/2013,6866,838,1,0,0,0
3,2,5/7/2013,6048,717,1,0,0,0
3,1,5/6/2013,6092,758,1,0,0,0
3,7,5/5/2013,0,0,0,0,0,0
3,6,5/4/2013,4732,590,1,0,0,0
3,5,5/3/2013,9198,964,1,1,0,0
3,4,5/2/2013,9884,1011,1,1,0,0
3,3,5/1/2013,0,0,0,1,a,0
3,2,4/30/2013,11641,1129,1,1,0,0
3,1,4/29/2013,9036,871,1,1,0,0
3,7,4/28/2013,0,0,0,0,0,0
3,6,4/27/2013,3773,451,1,0,0,0
3,5,4/26/2013,7194,744,1,1,0,0
3,4,4/25/2013,7232,789,1,1,0,0
3,3,4/24/2013,8041,838,1,1,0,0
3,2,4/23/2013,8294,835,1,1,0,0
3,1,4/22/2013,8979,930,1,1,0,0
3,7,4/21/2013,0,0,0,0,0,0
3,6,4/20/2013,4007,472,1,0,0,0
3,5,4/19/2013,5608,705,1,0,0,0
3,4,4/18/2013,5399,689,1,0,0,0
3,3,4/17/2013,5320,699,1,0,0,0
3,2,4/16/2013,5092,688,1,0,0,0
3,1,4/15/2013,5295,723,1,0,0,0
3,7,4/14/2013,0,0,0,0,0,0
3,6,4/13/2013,3765,438,1,0,0,0
3,5,4/12/2013,8866,936,1,1,0,0
3,4,4/11/2013,7959,760,1,1,0,0
3,3,4/10/2013,8414,839,1,1,0,0
3,2,4/9/2013,9416,925,1,1,0,0
3,1,4/8/2013,9781,940,1,1,0,0
3,7,4/7/2013,0,0,0,0,0,0
3,6,4/6/2013,4656,556,1,0,0,0
3,5,4/5/2013,6197,740,1,0,0,1
3,4,4/4/2013,6663,781,1,0,0,1
3,3,4/3/2013,5704,715,1,0,0,1
3,2,4/2/2013,5856,802,1,0,0,1
3,1,4/1/2013,0,0,0,0,b,1
3,7,3/31/2013,0,0,0,0,0,0
3,6,3/30/2013,6267,672,1,0,0,0
3,5,3/29/2013,0,0,0,1,b,1
3,4,3/28/2013,9884,1032,1,1,0,1
3,3,3/27/2013,9033,946,1,1,0,1
3,2,3/26/2013,9991,999,1,1,0,1
3,1,3/25/2013,10181,1031,1,1,0,1
3,7,3/24/2013,0,0,0,0,0,0
3,6,3/23/2013,4200,457,1,0,0,0
3,5,3/22/2013,8355,886,1,1,0,0
3,4,3/21/2013,8245,855,1,1,0,0
3,3,3/20/2013,8459,868,1,1,0,0
3,2,3/19/2013,9725,965,1,1,0,0
3,1,3/18/2013,11199,1062,1,1,0,0
3,7,3/17/2013,0,0,0,0,0,0
3,6,3/16/2013,4249,493,1,0,0,0
3,5,3/15/2013,6933,829,1,0,0,0
3,4,3/14/2013,4993,642,1,0,0,0
3,3,3/13/2013,5391,703,1,0,0,0
3,2,3/12/2013,5452,704,1,0,0,0
3,1,3/11/2013,4968,633,1,0,0,0
3,7,3/10/2013,0,0,0,0,0,0
3,6,3/9/2013,3778,436,1,0,0,0
3,5,3/8/2013,8174,864,1,1,0,0
3,4,3/7/2013,8479,901,1,1,0,0
3,3,3/6/2013,8729,871,1,1,0,0
3,2,3/5/2013,9878,987,1,1,0,0
3,1,3/4/2013,11004,1080,1,1,0,0
3,7,3/3/2013,0,0,0,0,0,0
3,6,3/2/2013,5037,638,1,0,0,0
3,5,3/1/2013,6575,800,1,0,0,0
3,4,2/28/2013,6167,767,1,0,0,0
3,3,2/27/2013,5172,670,1,0,0,0
3,2,2/26/2013,5154,669,1,0,0,0
3,1,2/25/2013,5072,675,1,0,0,0
3,7,2/24/2013,0,0,0,0,0,0
3,6,2/23/2013,3688,446,1,0,0,0
3,5,2/22/2013,7993,840,1,1,0,0
3,4,2/21/2013,7517,772,1,1,0,0
3,3,2/20/2013,7862,812,1,1,0,0
3,2,2/19/2013,7997,755,1,1,0,0
3,1,2/18/2013,10793,1008,1,1,0,0
3,7,2/17/2013,0,0,0,0,0,0
3,6,2/16/2013,4000,488,1,0,0,0
3,5,2/15/2013,5159,673,1,0,0,0
3,4,2/14/2013,5912,741,1,0,0,0
3,3,2/13/2013,5111,680,1,0,0,0
3,2,2/12/2013,5725,758,1,0,0,0
3,1,2/11/2013,5541,736,1,0,0,0
3,7,2/10/2013,0,0,0,0,0,0
3,6,2/9/2013,4324,494,1,0,0,0
3,5,2/8/2013,7945,842,1,1,0,0
3,4,2/7/2013,7786,861,1,1,0,0
3,3,2/6/2013,9084,950,1,1,0,0
3,2,2/5/2013,9372,925,1,1,0,0
3,1,2/4/2013,10913,1070,1,1,0,0
3,7,2/3/2013,0,0,0,0,0,0
3,6,2/2/2013,5155,603,1,0,0,0
3,5,2/1/2013,6725,806,1,0,0,0
3,4,1/31/2013,5682,648,1,0,0,0
3,3,1/30/2013,4920,647,1,0,0,0
3,2,1/29/2013,5375,711,1,0,0,0
3,1,1/28/2013,5352,722,1,0,0,0
3,7,1/27/2013,0,0,0,0,0,0
3,6,1/26/2013,3902,450,1,0,0,0
3,5,1/25/2013,7565,773,1,1,0,0
3,4,1/24/2013,7910,814,1,1,0,0
3,3,1/23/2013,7863,803,1,1,0,0
3,2,1/22/2013,7961,797,1,1,0,0
3,1,1/21/2013,6014,630,1,1,0,0
3,7,1/20/2013,0,0,0,0,0,0
3,6,1/19/2013,3938,427,1,0,0,0
3,5,1/18/2013,5390,703,1,0,0,0
3,4,1/17/2013,4463,600,1,0,0,0
3,3,1/16/2013,4827,617,1,0,0,0
3,2,1/15/2013,5041,669,1,0,0,0
3,1,1/14/2013,4566,599,1,0,0,0
3,7,1/13/2013,0,0,0,0,0,0
3,6,1/12/2013,4455,485,1,0,0,0
3,5,1/11/2013,9292,951,1,1,0,0
3,4,1/10/2013,7772,791,1,1,0,0
3,3,1/9/2013,8001,778,1,1,0,0
3,2,1/8/2013,9800,856,1,1,0,0
3,1,1/7/2013,12247,1079,1,1,0,0
3,7,1/6/2013,0,0,0,0,0,0
3,6,1/5/2013,4523,525,1,0,0,0
3,5,1/4/2013,6069,690,1,0,0,1
3,4,1/3/2013,5902,721,1,0,0,1
3,3,1/2/2013,6823,805,1,0,0,1
3,2,1/1/2013,0,0,0,0,a,1
4,5,7/31/2015,13995,1498,1,1,0,1
4,4,7/30/2015,10387,1276,1,1,0,1
4,3,7/29/2015,10514,1258,1,1,0,1
4,2,7/28/2015,10275,1191,1,1,0,1
4,1,7/27/2015,11812,1379,1,1,0,1
4,7,7/26/2015,0,0,0,0,0,0
4,6,7/25/2015,9322,1219,1,0,0,0
4,5,7/24/2015,8322,1108,1,0,0,1
4,4,7/23/2015,7286,1101,1,0,0,1
4,3,7/22/2015,8503,1108,1,0,0,1
4,2,7/21/2015,9176,1149,1,0,0,1
4,1,7/20/2015,10283,1348,1,0,0,1
4,7,7/19/2015,0,0,0,0,0,0
4,6,7/18/2015,9703,1284,1,0,0,0
4,5,7/17/2015,10514,1343,1,1,0,1
4,4,7/16/2015,11432,1417,1,1,0,1
4,3,7/15/2015,11126,1377,1,1,0,0
4,2,7/14/2015,12315,1485,1,1,0,0
4,1,7/13/2015,13550,1619,1,1,0,0
4,7,7/12/2015,0,0,0,0,0,0
4,6,7/11/2015,10996,1401,1,0,0,0
4,5,7/10/2015,9177,1245,1,0,0,0
4,4,7/9/2015,9093,1185,1,0,0,0
4,3,7/8/2015,8620,1134,1,0,0,0
4,2,7/7/2015,8127,1103,1,0,0,0
4,1,7/6/2015,9967,1373,1,0,0,0
4,7,7/5/2015,0,0,0,0,0,0
4,6,7/4/2015,9358,1257,1,0,0,0
4,5,7/3/2015,11543,1395,1,1,0,0
4,4,7/2/2015,10323,1333,1,1,0,0
4,3,7/1/2015,11216,1359,1,1,0,0
4,2,6/30/2015,13106,1488,1,1,0,0
4,1,6/29/2015,11692,1361,1,1,0,0
4,7,6/28/2015,0,0,0,0,0,0
4,6,6/27/2015,8989,1268,1,0,0,0
4,5,6/26/2015,7684,1076,1,0,0,0
4,4,6/25/2015,7111,1046,1,0,0,0
4,3,6/24/2015,8048,1094,1,0,0,0
4,2,6/23/2015,7635,1118,1,0,0,0
4,1,6/22/2015,9118,1230,1,0,0,0
4,7,6/21/2015,0,0,0,0,0,0
4,6,6/20/2015,9374,1311,1,0,0,0
4,5,6/19/2015,9686,1281,1,1,0,0
4,4,6/18/2015,8880,1138,1,1,0,0
4,3,6/17/2015,9685,1254,1,1,0,0
4,2,6/16/2015,10671,1352,1,1,0,0
4,1,6/15/2015,12398,1473,1,1,0,0
4,7,6/14/2015,0,0,0,0,0,0
4,6,6/13/2015,9779,1370,1,0,0,0
4,5,6/12/2015,7889,1090,1,0,0,0
4,4,6/11/2015,7407,1081,1,0,0,0
4,3,6/10/2015,7445,1049,1,0,0,0
4,2,6/9/2015,8002,1110,1,0,0,0
4,1,6/8/2015,9640,1268,1,0,0,0
4,7,6/7/2015,0,0,0,0,0,0
4,6,6/6/2015,8218,1219,1,0,0,0
4,5,6/5/2015,10416,1404,1,1,0,0
4,4,6/4/2015,10200,1311,1,1,0,0
4,3,6/3/2015,10621,1341,1,1,0,0
4,2,6/2/2015,11222,1438,1,1,0,0
4,1,6/1/2015,13727,1695,1,1,0,0
4,7,5/31/2015,0,0,0,0,0,0
4,6,5/30/2015,12187,1590,1,0,0,0
4,5,5/29/2015,10529,1366,1,0,0,0
4,4,5/28/2015,8550,1158,1,0,0,0
4,3,5/27/2015,8305,1177,1,0,0,0
4,2,5/26/2015,10587,1450,1,0,0,1
4,1,5/25/2015,0,0,0,0,a,0
4,7,5/24/2015,0,0,0,0,0,0
4,6,5/23/2015,10118,1395,1,0,0,0
4,5,5/22/2015,9480,1295,1,1,0,0
4,4,5/21/2015,8985,1257,1,1,0,0
4,3,5/20/2015,10393,1299,1,1,0,0
4,2,5/19/2015,9930,1321,1,1,0,0
4,1,5/18/2015,11421,1474,1,1,0,0
4,7,5/17/2015,0,0,0,0,0,0
4,6,5/16/2015,10957,1426,1,0,0,0
4,5,5/15/2015,10705,1475,1,0,0,1
4,4,5/14/2015,0,0,0,0,a,0
4,3,5/13/2015,10041,1408,1,0,0,0
4,2,5/12/2015,7543,1091,1,0,0,0
4,1,5/11/2015,8023,1176,1,0,0,0
4,7,5/10/2015,0,0,0,0,0,0
4,6,5/9/2015,10637,1484,1,0,0,0
4,5,5/8/2015,10153,1336,1,1,0,0
4,4,5/7/2015,9842,1268,1,1,0,0
4,3,5/6/2015,10287,1273,1,1,0,0
4,2,5/5/2015,9583,1311,1,1,0,0
4,1,5/4/2015,11942,1467,1,1,0,0
4,7,5/3/2015,0,0,0,0,0,0
4,6,5/2/2015,12750,1685,1,0,0,0
4,5,5/1/2015,0,0,0,1,a,0
4,4,4/30/2015,16106,1854,1,1,0,0
4,3,4/29/2015,9420,1264,1,1,0,0
4,2,4/28/2015,10751,1358,1,1,0,0
4,1,4/27/2015,12168,1442,1,1,0,0
4,7,4/26/2015,0,0,0,0,0,0
4,6,4/25/2015,8571,1289,1,0,0,0
4,5,4/24/2015,7175,1070,1,0,0,0
4,4,4/23/2015,7021,1050,1,0,0,0
4,3,4/22/2015,7444,1067,1,0,0,0
4,2,4/21/2015,6791,998,1,0,0,0
4,1,4/20/2015,8537,1261,1,0,0,0
4,7,4/19/2015,0,0,0,0,0,0
4,6,4/18/2015,11196,1456,1,0,0,0
4,5,4/17/2015,10025,1320,1,1,0,0
4,4,4/16/2015,9818,1298,1,1,0,0
4,3,4/15/2015,9130,1193,1,1,0,0
4,2,4/14/2015,10050,1311,1,1,0,0
4,1,4/13/2015,11303,1486,1,1,0,0
4,7,4/12/2015,0,0,0,0,0,0
4,6,4/11/2015,9494,1339,1,0,0,0
4,5,4/10/2015,7944,1181,1,0,0,1
4,4,4/9/2015,8556,1209,1,0,0,1
4,3,4/8/2015,9174,1276,1,0,0,1
4,2,4/7/2015,11354,1620,1,0,0,1
4,1,4/6/2015,0,0,0,0,b,1
4,7,4/5/2015,0,0,0,0,0,0
4,6,4/4/2015,15018,1917,1,0,0,0
4,5,4/3/2015,0,0,0,1,b,1
4,4,4/2/2015,17311,1976,1,1,0,1
4,3,4/1/2015,13731,1662,1,1,0,1
4,2,3/31/2015,14451,1724,1,1,0,1
4,1,3/30/2015,13117,1613,1,1,0,1
4,7,3/29/2015,0,0,0,0,0,0
4,6,3/28/2015,10540,1462,1,0,0,0
4,5,3/27/2015,8210,1156,1,0,0,0
4,4,3/26/2015,7369,1091,1,0,0,0
4,3,3/25/2015,6681,1024,1,0,0,0
4,2,3/24/2015,7470,1087,1,0,0,0
4,1,3/23/2015,8823,1263,1,0,0,0
4,7,3/22/2015,0,0,0,0,0,0
4,6,3/21/2015,10012,1411,1,0,0,0
4,5,3/20/2015,9421,1270,1,1,0,0
4,4,3/19/2015,9107,1228,1,1,0,0
4,3,3/18/2015,9074,1225,1,1,0,0
4,2,3/17/2015,9733,1326,1,1,0,0
4,1,3/16/2015,11977,1594,1,1,0,0
4,7,3/15/2015,0,0,0,0,0,0
4,6,3/14/2015,10105,1412,1,0,0,0
4,5,3/13/2015,8271,1150,1,0,0,0
4,4,3/12/2015,7046,1043,1,0,0,0
4,3,3/11/2015,7612,1035,1,0,0,0
4,2,3/10/2015,7637,1097,1,0,0,0
4,1,3/9/2015,8284,1159,1,0,0,0
4,7,3/8/2015,0,0,0,0,0,0
4,6,3/7/2015,10213,1412,1,0,0,0
4,5,3/6/2015,10130,1346,1,1,0,0
4,4,3/5/2015,10428,1370,1,1,0,0
4,3,3/4/2015,9881,1329,1,1,0,0
4,2,3/3/2015,11093,1407,1,1,0,0
4,1,3/2/2015,12899,1588,1,1,0,0
4,7,3/1/2015,0,0,0,0,0,0
4,6,2/28/2015,11487,1548,1,0,0,0
4,5,2/27/2015,10243,1384,1,0,0,0
4,4,2/26/2015,8080,1138,1,0,0,0
4,3,2/25/2015,8051,1113,1,0,0,0
4,2,2/24/2015,7611,1162,1,0,0,0
4,1,2/23/2015,8328,1185,1,0,0,0
4,7,2/22/2015,0,0,0,0,0,0
4,6,2/21/2015,9847,1348,1,0,0,0
4,5,2/20/2015,10421,1391,1,1,0,0
4,4,2/19/2015,9114,1264,1,1,0,0
4,3,2/18/2015,8794,1223,1,1,0,0
4,2,2/17/2015,9657,1258,1,1,0,0
4,1,2/16/2015,11092,1511,1,1,0,0
4,7,2/15/2015,0,0,0,0,0,0
4,6,2/14/2015,10274,1477,1,0,0,0
4,5,2/13/2015,8628,1261,1,0,0,0
4,4,2/12/2015,8239,1206,1,0,0,0
4,3,2/11/2015,7317,1087,1,0,0,0
4,2,2/10/2015,7914,1180,1,0,0,0
4,1,2/9/2015,8940,1255,1,0,0,0
4,7,2/8/2015,0,0,0,0,0,0
4,6,2/7/2015,10042,1398,1,0,0,0
4,5,2/6/2015,10985,1466,1,1,0,1
4,4,2/5/2015,9882,1424,1,1,0,1
4,3,2/4/2015,9571,1310,1,1,0,1
4,2,2/3/2015,11230,1429,1,1,0,1
4,1,2/2/2015,13120,1681,1,1,0,1
4,7,2/1/2015,0,0,0,0,0,0
4,6,1/31/2015,11904,1560,1,0,0,0
4,5,1/30/2015,13307,1632,1,1,0,0
4,4,1/29/2015,9614,1270,1,1,0,0
4,3,1/28/2015,8520,1227,1,1,0,0
4,2,1/27/2015,9088,1236,1,1,0,0
4,1,1/26/2015,10174,1381,1,1,0,0
4,7,1/25/2015,0,0,0,0,0,0
4,6,1/24/2015,9401,1386,1,0,0,0
4,5,1/23/2015,7638,1129,1,0,0,0
4,4,1/22/2015,7239,1073,1,0,0,0
4,3,1/21/2015,7456,1124,1,0,0,0
4,2,1/20/2015,7308,1120,1,0,0,0
4,1,1/19/2015,8825,1233,1,0,0,0
4,7,1/18/2015,0,0,0,0,0,0
4,6,1/17/2015,9655,1373,1,0,0,0
4,5,1/16/2015,9008,1228,1,1,0,0
4,4,1/15/2015,9584,1217,1,1,0,0
4,3,1/14/2015,9284,1219,1,1,0,0
4,2,1/13/2015,8851,1223,1,1,0,0
4,1,1/12/2015,11124,1431,1,1,0,0
4,7,1/11/2015,0,0,0,0,0,0
4,6,1/10/2015,10693,1466,1,0,0,0
4,5,1/9/2015,8658,1197,1,1,0,0
4,4,1/8/2015,8257,1180,1,1,0,0
4,3,1/7/2015,9024,1231,1,1,0,0
4,2,1/6/2015,10509,1348,1,1,0,0
4,1,1/5/2015,11177,1483,1,1,0,0
4,7,1/4/2015,0,0,0,0,0,0
4,6,1/3/2015,9751,1454,1,0,0,0
4,5,1/2/2015,10737,1489,1,0,0,1
4,4,1/1/2015,0,0,0,0,a,1
4,3,12/31/2014,10152,1311,1,0,0,1
4,2,12/30/2014,16860,2075,1,0,0,1
4,1,12/29/2014,13543,1759,1,0,0,1
4,7,12/28/2014,0,0,0,0,0,0
4,6,12/27/2014,12724,1693,1,0,0,0
4,5,12/26/2014,0,0,0,0,c,1
4,4,12/25/2014,0,0,0,0,c,1
4,3,12/24/2014,6551,856,1,0,0,1
4,2,12/23/2014,15839,2071,1,0,0,1
4,1,12/22/2014,14572,1878,1,0,0,1
4,7,12/21/2014,0,0,0,0,0,0
4,6,12/20/2014,13884,1741,1,0,0,0
4,5,12/19/2014,13591,1666,1,1,0,0
4,4,12/18/2014,13183,1690,1,1,0,0
4,3,12/17/2014,13087,1599,1,1,0,0
4,2,12/16/2014,12776,1581,1,1,0,0
4,1,12/15/2014,15110,1829,1,1,0,0
4,7,12/14/2014,0,0,0,0,0,0
4,6,12/13/2014,11953,1634,1,0,0,0
4,5,12/12/2014,8403,1249,1,0,0,0
4,4,12/11/2014,8522,1228,1,0,0,0
4,3,12/10/2014,8042,1157,1,0,0,0
4,2,12/9/2014,8426,1197,1,0,0,0
4,1,12/8/2014,9556,1310,1,0,0,0
4,7,12/7/2014,0,0,0,0,0,0
4,6,12/6/2014,11624,1556,1,0,0,0
4,5,12/5/2014,11831,1574,1,1,0,0
4,4,12/4/2014,10657,1350,1,1,0,0
4,3,12/3/2014,11716,1429,1,1,0,0
4,2,12/2/2014,11114,1456,1,1,0,0
4,1,12/1/2014,12359,1608,1,1,0,0
4,7,11/30/2014,0,0,0,0,0,0
4,6,11/29/2014,14052,1813,1,0,0,0
4,5,11/28/2014,13832,1649,1,1,0,0
4,4,11/27/2014,10512,1344,1,1,0,0
4,3,11/26/2014,10083,1291,1,1,0,0
4,2,11/25/2014,11402,1430,1,1,0,0
4,1,11/24/2014,12053,1541,1,1,0,0
4,7,11/23/2014,0,0,0,0,0,0
4,6,11/22/2014,10552,1509,1,0,0,0
4,5,11/21/2014,8319,1217,1,0,0,0
4,4,11/20/2014,7866,1184,1,0,0,0
4,3,11/19/2014,7898,1161,1,0,0,0
4,2,11/18/2014,8331,1155,1,0,0,0
4,1,11/17/2014,9376,1299,1,0,0,0
4,7,11/16/2014,0,0,0,0,0,0
4,6,11/15/2014,11185,1512,1,0,0,0
4,5,11/14/2014,9790,1337,1,1,0,0
4,4,11/13/2014,10102,1355,1,1,0,0
4,3,11/12/2014,9340,1306,1,1,0,0
4,2,11/11/2014,8794,1296,1,1,0,0
4,1,11/10/2014,10593,1442,1,1,0,0
4,7,11/9/2014,0,0,0,0,0,0
4,6,11/8/2014,10208,1409,1,0,0,0
4,5,11/7/2014,11209,1458,1,1,0,0
4,4,11/6/2014,9461,1329,1,1,0,0
4,3,11/5/2014,11232,1426,1,1,0,0
4,2,11/4/2014,11285,1533,1,1,0,0
4,1,11/3/2014,13095,1656,1,1,0,0
4,7,11/2/2014,0,0,0,0,0,0
4,6,11/1/2014,10834,1467,1,0,0,0
4,5,10/31/2014,9839,1453,1,0,0,1
4,4,10/30/2014,9677,1337,1,0,0,1
4,3,10/29/2014,7810,1144,1,0,0,1
4,2,10/28/2014,7543,1134,1,0,0,1
4,1,10/27/2014,9172,1286,1,0,0,1
4,7,10/26/2014,0,0,0,0,0,0
4,6,10/25/2014,9414,1329,1,0,0,0
4,5,10/24/2014,9016,1248,1,1,0,1
4,4,10/23/2014,9364,1278,1,1,0,1
4,3,10/22/2014,9547,1316,1,1,0,1
4,2,10/21/2014,9786,1357,1,1,0,1
4,1,10/20/2014,11357,1503,1,1,0,1
4,7,10/19/2014,0,0,0,0,0,0
4,6,10/18/2014,10166,1397,1,0,0,0
4,5,10/17/2014,7947,1172,1,0,0,0
4,4,10/16/2014,8008,1138,1,0,0,0
4,3,10/15/2014,7843,1102,1,0,0,0
4,2,10/14/2014,8166,1156,1,0,0,0
4,1,10/13/2014,8947,1294,1,0,0,0
4,7,10/12/2014,0,0,0,0,0,0
4,6,10/11/2014,10048,1458,1,0,0,0
4,5,10/10/2014,9501,1295,1,1,0,0
4,4,10/9/2014,8763,1211,1,1,0,0
4,3,10/8/2014,9189,1257,1,1,0,0
4,2,10/7/2014,9648,1291,1,1,0,0
4,1,10/6/2014,10575,1462,1,1,0,0
4,7,10/5/2014,0,0,0,0,0,0
4,6,10/4/2014,11694,1582,1,0,0,0
4,5,10/3/2014,0,0,0,1,a,0
4,4,10/2/2014,12297,1641,1,1,0,0
4,3,10/1/2014,10560,1364,1,1,0,0
4,2,9/30/2014,12659,1486,1,1,0,0
4,1,9/29/2014,10201,1306,1,1,0,0
4,7,9/28/2014,0,0,0,0,0,0
4,6,9/27/2014,9405,1302,1,0,0,0
4,5,9/26/2014,6948,1066,1,0,0,0
4,4,9/25/2014,6629,1030,1,0,0,0
4,3,9/24/2014,6440,1005,1,0,0,0
4,2,9/23/2014,7543,1115,1,0,0,0
4,1,9/22/2014,8184,1205,1,0,0,0
4,7,9/21/2014,0,0,0,0,0,0
4,6,9/20/2014,10044,1388,1,0,0,0
4,5,9/19/2014,8995,1228,1,1,0,0
4,4,9/18/2014,8958,1196,1,1,0,0
4,3,9/17/2014,8594,1173,1,1,0,0
4,2,9/16/2014,9140,1223,1,1,0,0
4,1,9/15/2014,11450,1471,1,1,0,0
4,7,9/14/2014,0,0,0,0,0,0
4,6,9/13/2014,9563,1311,1,0,0,0
4,5,9/12/2014,7603,1114,1,0,0,0
4,4,9/11/2014,7924,1155,1,0,0,0
4,3,9/10/2014,8530,1206,1,0,0,0
4,2,9/9/2014,8070,1243,1,0,0,0
4,1,9/8/2014,8995,1306,1,0,0,0
4,7,9/7/2014,0,0,0,0,0,0
4,6,9/6/2014,9382,1368,1,0,0,0
4,5,9/5/2014,10528,1387,1,1,0,0
4,4,9/4/2014,10522,1402,1,1,0,0
4,3,9/3/2014,10729,1406,1,1,0,0
4,2,9/2/2014,11932,1524,1,1,0,0
4,1,9/1/2014,15595,1796,1,1,0,0
4,7,8/31/2014,0,0,0,0,0,0
4,6,8/30/2014,11930,1542,1,0,0,0
4,5,8/29/2014,11938,1577,1,0,0,0
4,4,8/28/2014,9205,1366,1,0,0,0
4,3,8/27/2014,8718,1203,1,0,0,0
4,2,8/26/2014,8985,1304,1,0,0,0
4,1,8/25/2014,10919,1513,1,0,0,0
4,7,8/24/2014,0,0,0,0,0,0
4,6,8/23/2014,10208,1447,1,0,0,0
4,5,8/22/2014,10315,1318,1,1,0,1
4,4,8/21/2014,9954,1288,1,1,0,1
4,3,8/20/2014,9515,1271,1,1,0,1
4,2,8/19/2014,10163,1323,1,1,0,1
4,1,8/18/2014,13564,1584,1,1,0,1
4,7,8/17/2014,0,0,0,0,0,0
4,6,8/16/2014,9756,1276,1,0,0,0
4,5,8/15/2014,9048,1217,1,0,0,1
4,4,8/14/2014,8230,1107,1,0,0,1
4,3,8/13/2014,7832,1136,1,0,0,1
4,2,8/12/2014,7896,1130,1,0,0,1
4,1,8/11/2014,9674,1343,1,0,0,1
4,7,8/10/2014,0,0,0,0,0,0
4,6,8/9/2014,9266,1227,1,0,0,0
4,5,8/8/2014,9698,1219,1,1,0,1
4,4,8/7/2014,9872,1269,1,1,0,1
4,3,8/6/2014,8860,1199,1,1,0,1
4,2,8/5/2014,9990,1336,1,1,0,1
4,1,8/4/2014,11754,1518,1,1,0,1
4,7,8/3/2014,0,0,0,0,0,0
4,6,8/2/2014,10071,1337,1,0,0,0
4,5,8/1/2014,11112,1354,1,1,0,1
4,4,7/31/2014,12533,1451,1,1,0,1
4,3,7/30/2014,10032,1288,1,1,0,1
4,2,7/29/2014,9808,1311,1,1,0,1
4,1,7/28/2014,11033,1379,1,1,0,1
4,7,7/27/2014,0,0,0,0,0,0
4,6,7/26/2014,8805,1170,1,0,0,0
4,5,7/25/2014,7655,1046,1,0,0,1
4,4,7/24/2014,7355,1034,1,0,0,1
4,3,7/23/2014,6514,950,1,0,0,1
4,2,7/22/2014,7589,1076,1,0,0,1
4,1,7/21/2014,8649,1242,1,0,0,1
4,7,7/20/2014,0,0,0,0,0,0
4,6,7/19/2014,8840,1171,1,0,0,0
4,5,7/18/2014,9353,1268,1,1,0,1
4,4,7/17/2014,10045,1295,1,1,0,1
4,3,7/16/2014,10720,1322,1,1,0,1
4,2,7/15/2014,10719,1333,1,1,0,1
4,1,7/14/2014,12949,1562,1,1,0,1
4,7,7/13/2014,0,0,0,0,0,0
4,6,7/12/2014,10335,1370,1,0,0,0
4,5,7/11/2014,9195,1224,1,0,0,1
4,4,7/10/2014,10000,1293,1,0,0,1
4,3,7/9/2014,9042,1183,1,0,0,1
4,2,7/8/2014,8844,1180,1,0,0,0
4,1,7/7/2014,9810,1392,1,0,0,0
4,7,7/6/2014,0,0,0,0,0,0
4,6,7/5/2014,10034,1350,1,0,0,0
4,5,7/4/2014,8551,1255,1,1,0,0
4,4,7/3/2014,10659,1430,1,1,0,0
4,3,7/2/2014,10575,1420,1,1,0,0
4,2,7/1/2014,11584,1435,1,1,0,0
4,1,6/30/2014,15672,1783,1,1,0,0
4,7,6/29/2014,0,0,0,0,0,0
4,6,6/28/2014,9601,1310,1,0,0,0
4,5,6/27/2014,7556,1129,1,0,0,0
4,4,6/26/2014,7080,1032,1,0,0,0
4,3,6/25/2014,8450,1174,1,0,0,0
4,2,6/24/2014,7723,1102,1,0,0,0
4,1,6/23/2014,8998,1291,1,0,0,0
4,7,6/22/2014,0,0,0,0,0,0
4,6,6/21/2014,8683,1265,1,0,0,0
4,5,6/20/2014,9503,1332,1,1,0,0
4,4,6/19/2014,9446,1313,1,1,0,0
4,3,6/18/2014,8791,1180,1,1,0,0
4,2,6/17/2014,10097,1293,1,1,0,0
4,1,6/16/2014,11121,1425,1,1,0,0
4,7,6/15/2014,0,0,0,0,0,0
4,6,6/14/2014,11209,1539,1,0,0,0
4,5,6/13/2014,8077,1144,1,0,0,0
4,4,6/12/2014,8637,1184,1,0,0,0
4,3,6/11/2014,8163,1139,1,0,0,0
4,2,6/10/2014,10239,1386,1,0,0,0
4,1,6/9/2014,0,0,0,0,a,0
4,7,6/8/2014,0,0,0,0,0,0
4,6,6/7/2014,10164,1472,1,0,0,0
4,5,6/6/2014,10705,1365,1,1,0,0
4,4,6/5/2014,10774,1331,1,1,0,0
4,3,6/4/2014,10584,1345,1,1,0,0
4,2,6/3/2014,11083,1418,1,1,0,0
4,1,6/2/2014,13087,1622,1,1,0,0
4,7,6/1/2014,0,0,0,0,0,0
4,6,5/31/2014,11018,1542,1,0,0,0
4,5,5/30/2014,13149,1701,1,0,0,1
4,4,5/29/2014,0,0,0,0,a,0
4,3,5/28/2014,11073,1509,1,0,0,0
4,2,5/27/2014,7193,1074,1,0,0,0
4,1,5/26/2014,7949,1155,1,0,0,0
4,7,5/25/2014,0,0,0,0,0,0
4,6,5/24/2014,9218,1284,1,0,0,0
4,5,5/23/2014,8611,1177,1,1,0,0
4,4,5/22/2014,8924,1167,1,1,0,0
4,3,5/21/2014,8408,1163,1,1,0,0
4,2,5/20/2014,8127,1165,1,1,0,0
4,1,5/19/2014,11433,1510,1,1,0,0
4,7,5/18/2014,0,0,0,0,0,0
4,6,5/17/2014,9040,1327,1,0,0,0
4,5,5/16/2014,7948,1140,1,0,0,0
4,4,5/15/2014,7145,1045,1,0,0,0
4,3,5/14/2014,7268,1081,1,0,0,0
4,2,5/13/2014,7508,1159,1,0,0,0
4,1,5/12/2014,8484,1279,1,0,0,0
4,7,5/11/2014,0,0,0,0,0,0
4,6,5/10/2014,10559,1542,1,0,0,0
4,5,5/9/2014,10880,1422,1,1,0,0
4,4,5/8/2014,9227,1246,1,1,0,0
4,3,5/7/2014,9245,1221,1,1,0,0
4,2,5/6/2014,9723,1285,1,1,0,0
4,1,5/5/2014,11986,1545,1,1,0,0
4,7,5/4/2014,0,0,0,0,0,0
4,6,5/3/2014,10330,1475,1,0,0,0
4,5,5/2/2014,15274,1833,1,1,0,1
4,4,5/1/2014,0,0,0,1,a,0
4,3,4/30/2014,14743,1820,1,1,0,0
4,2,4/29/2014,9680,1257,1,1,0,0
4,1,4/28/2014,11863,1539,1,1,0,0
4,7,4/27/2014,0,0,0,0,0,0
4,6,4/26/2014,8650,1265,1,0,0,0
4,5,4/25/2014,7041,1002,1,0,0,1
4,4,4/24/2014,7294,1112,1,0,0,1
4,3,4/23/2014,7352,1109,1,0,0,1
4,2,4/22/2014,9723,1353,1,0,0,1
4,1,4/21/2014,0,0,0,0,b,1
4,7,4/20/2014,0,0,0,0,0,0
4,6,4/19/2014,10613,1558,1,0,0,0
4,5,4/18/2014,0,0,0,1,b,1
4,4,4/17/2014,13084,1755,1,1,0,1
4,3,4/16/2014,11237,1489,1,1,0,1
4,2,4/15/2014,11191,1485,1,1,0,1
4,1,4/14/2014,12391,1592,1,1,0,1
4,7,4/13/2014,0,0,0,0,0,0
4,6,4/12/2014,9200,1367,1,0,0,0
4,5,4/11/2014,7682,1166,1,0,0,0
4,4,4/10/2014,7714,1139,1,0,0,0
4,3,4/9/2014,7890,1145,1,0,0,0
4,2,4/8/2014,7074,1102,1,0,0,0
4,1,4/7/2014,7733,1214,1,0,0,0
4,7,4/6/2014,0,0,0,0,0,0
4,6,4/5/2014,9423,1381,1,0,0,0
4,5,4/4/2014,9411,1286,1,1,0,0
4,4,4/3/2014,9189,1277,1,1,0,0
4,3,4/2/2014,9585,1291,1,1,0,0
4,2,4/1/2014,11772,1436,1,1,0,0
4,1,3/31/2014,14638,1752,1,1,0,0
4,7,3/30/2014,0,0,0,0,0,0
4,6,3/29/2014,8880,1321,1,0,0,0
4,5,3/28/2014,7696,1096,1,0,0,0
4,4,3/27/2014,7006,1079,1,0,0,0
4,3,3/26/2014,7095,1054,1,0,0,0
4,2,3/25/2014,7277,1123,1,0,0,0
4,1,3/24/2014,7992,1209,1,0,0,0
4,7,3/23/2014,0,0,0,0,0,0
4,6,3/22/2014,9676,1393,1,0,0,0
4,5,3/21/2014,9292,1284,1,1,0,0
4,4,3/20/2014,8074,1200,1,1,0,0
4,3,3/19/2014,8672,1265,1,1,0,0
4,2,3/18/2014,9920,1344,1,1,0,0
4,1,3/17/2014,11669,1563,1,1,0,0
4,7,3/16/2014,0,0,0,0,0,0
4,6,3/15/2014,10009,1397,1,0,0,0
4,5,3/14/2014,7336,1109,1,0,0,0
4,4,3/13/2014,6987,1011,1,0,0,0
4,3,3/12/2014,7318,1107,1,0,0,0
4,2,3/11/2014,7021,1092,1,0,0,0
4,1,3/10/2014,7809,1157,1,0,0,0
4,7,3/9/2014,0,0,0,0,0,0
4,6,3/8/2014,9296,1372,1,0,0,0
4,5,3/7/2014,9986,1359,1,1,0,0
4,4,3/6/2014,9072,1285,1,1,0,0
4,3,3/5/2014,9039,1277,1,1,0,0
4,2,3/4/2014,11220,1440,1,1,0,0
4,1,3/3/2014,13685,1736,1,1,0,0
4,7,3/2/2014,0,0,0,0,0,0
4,6,3/1/2014,11248,1584,1,0,0,0
4,5,2/28/2014,10849,1381,1,0,0,0
4,4,2/27/2014,7723,1140,1,0,0,0
4,3,2/26/2014,6987,1100,1,0,0,0
4,2,2/25/2014,6812,1096,1,0,0,0
4,1,2/24/2014,7782,1220,1,0,0,0
4,7,2/23/2014,0,0,0,0,0,0
4,6,2/22/2014,10047,1451,1,0,0,0
4,5,2/21/2014,9193,1308,1,1,0,0
4,4,2/20/2014,9452,1305,1,1,0,0
4,3,2/19/2014,9010,1278,1,1,0,0
4,2,2/18/2014,9676,1272,1,1,0,0
4,1,2/17/2014,11297,1531,1,1,0,0
4,7,2/16/2014,0,0,0,0,0,0
4,6,2/15/2014,9171,1383,1,0,0,0
4,5,2/14/2014,8877,1275,1,0,0,0
4,4,2/13/2014,7765,1186,1,0,0,0
4,3,2/12/2014,8244,1214,1,0,0,0
4,2,2/11/2014,7483,1131,1,0,0,0
4,1,2/10/2014,9075,1327,1,0,0,0
4,7,2/9/2014,0,0,0,0,0,0
4,6,2/8/2014,9842,1434,1,0,0,0
4,5,2/7/2014,9571,1386,1,1,0,1
4,4,2/6/2014,9589,1347,1,1,0,1
4,3,2/5/2014,10046,1386,1,1,0,1
4,2,2/4/2014,10795,1546,1,1,0,1
4,1,2/3/2014,13634,1825,1,1,0,1
4,7,2/2/2014,0,0,0,0,0,0
4,6,2/1/2014,12028,1611,1,0,0,0
4,5,1/31/2014,10468,1438,1,0,0,0
4,4,1/30/2014,7860,1111,1,0,0,0
4,3,1/29/2014,7996,1120,1,0,0,0
4,2,1/28/2014,7268,1115,1,0,0,0
4,1,1/27/2014,7800,1166,1,0,0,0
4,7,1/26/2014,0,0,0,0,0,0
4,6,1/25/2014,9756,1369,1,0,0,0
4,5,1/24/2014,9154,1278,1,1,0,0
4,4,1/23/2014,9580,1274,1,1,0,0
4,3,1/22/2014,8898,1237,1,1,0,0
4,2,1/21/2014,9456,1307,1,1,0,0
4,1,1/20/2014,10734,1378,1,1,0,0
4,7,1/19/2014,0,0,0,0,0,0
4,6,1/18/2014,9451,1345,1,0,0,0
4,5,1/17/2014,7654,1117,1,0,0,0
4,4,1/16/2014,6927,1064,1,0,0,0
4,3,1/15/2014,6571,1053,1,0,0,0
4,2,1/14/2014,7465,1075,1,0,0,0
4,1,1/13/2014,7838,1217,1,0,0,0
4,7,1/12/2014,0,0,0,0,0,0
4,6,1/11/2014,9203,1355,1,0,0,0
4,5,1/10/2014,9154,1356,1,1,0,0
4,4,1/9/2014,9489,1297,1,1,0,0
4,3,1/8/2014,9271,1220,1,1,0,0
4,2,1/7/2014,10338,1390,1,1,0,0
4,1,1/6/2014,13086,1606,1,1,0,0
4,7,1/5/2014,0,0,0,0,0,0
4,6,1/4/2014,10569,1507,1,0,0,0
4,5,1/3/2014,9299,1359,1,0,0,1
4,4,1/2/2014,9525,1434,1,0,0,1
4,3,1/1/2014,0,0,0,0,a,1
4,2,12/31/2013,9813,1323,1,0,0,1
4,1,12/30/2013,17412,2216,1,0,0,1
4,7,12/29/2013,0,0,0,0,0,0
4,6,12/28/2013,10954,1482,1,0,0,0
4,5,12/27/2013,11159,1569,1,0,0,1
4,4,12/26/2013,0,0,0,0,c,1
4,3,12/25/2013,0,0,0,0,c,1
4,2,12/24/2013,6786,868,1,0,0,1
4,1,12/23/2013,16941,2139,1,0,0,1
4,7,12/22/2013,0,0,0,0,0,0
4,6,12/21/2013,14207,1825,1,0,0,0
4,5,12/20/2013,14757,1904,1,1,0,0
4,4,12/19/2013,13259,1788,1,1,0,0
4,3,12/18/2013,13440,1704,1,1,0,0
4,2,12/17/2013,14471,1791,1,1,0,0
4,1,12/16/2013,16843,1970,1,1,0,0
4,7,12/15/2013,0,0,0,0,0,0
4,6,12/14/2013,12110,1643,1,0,0,0
4,5,12/13/2013,8689,1268,1,0,0,0
4,4,12/12/2013,8463,1269,1,0,0,0
4,3,12/11/2013,8480,1176,1,0,0,0
4,2,12/10/2013,8150,1220,1,0,0,0
4,1,12/9/2013,8907,1316,1,0,0,0
4,7,12/8/2013,0,0,0,0,0,0
4,6,12/7/2013,10544,1526,1,0,0,0
4,5,12/6/2013,10597,1434,1,1,0,0
4,4,12/5/2013,12178,1558,1,1,0,0
4,3,12/4/2013,10379,1346,1,1,0,0
4,2,12/3/2013,12080,1563,1,1,0,0
4,1,12/2/2013,14106,1741,1,1,0,0
4,7,12/1/2013,0,0,0,0,0,0
4,6,11/30/2013,13394,1826,1,0,0,0
4,5,11/29/2013,11390,1484,1,0,0,0
4,4,11/28/2013,7875,1156,1,0,0,0
4,3,11/27/2013,7809,1102,1,0,0,0
4,2,11/26/2013,7805,1118,1,0,0,0
4,1,11/25/2013,8569,1247,1,0,0,0
4,7,11/24/2013,0,0,0,0,0,0
4,6,11/23/2013,9394,1389,1,0,0,0
4,5,11/22/2013,9071,1333,1,1,0,0
4,4,11/21/2013,9256,1254,1,1,0,0
4,3,11/20/2013,9280,1280,1,1,0,0
4,2,11/19/2013,9133,1248,1,1,0,0
4,1,11/18/2013,11331,1495,1,1,0,0
4,7,11/17/2013,0,0,0,0,0,0
4,6,11/16/2013,10157,1454,1,0,0,0
4,5,11/15/2013,7627,1167,1,0,0,0
4,4,11/14/2013,6856,1030,1,0,0,0
4,3,11/13/2013,7263,1057,1,0,0,0
4,2,11/12/2013,7179,1061,1,0,0,0
4,1,11/11/2013,8241,1213,1,0,0,0
4,7,11/10/2013,0,0,0,0,0,0
4,6,11/9/2013,10373,1479,1,0,0,0
4,5,11/8/2013,9997,1412,1,1,0,0
4,4,11/7/2013,8572,1182,1,1,0,0
4,3,11/6/2013,9236,1263,1,1,0,0
4,2,11/5/2013,9616,1323,1,1,0,0
4,1,11/4/2013,10203,1427,1,1,0,0
4,7,11/3/2013,0,0,0,0,0,0
4,6,11/2/2013,10519,1459,1,0,0,0
4,5,11/1/2013,8792,1316,1,0,0,0
4,4,10/31/2013,9091,1301,1,0,0,0
4,3,10/30/2013,7800,1147,1,0,0,0
4,2,10/29/2013,6719,1016,1,0,0,0
4,1,10/28/2013,7645,1146,1,0,0,0
4,7,10/27/2013,0,0,0,0,0,0
4,6,10/26/2013,9088,1342,1,0,0,0
4,5,10/25/2013,8808,1237,1,1,0,0
4,4,10/24/2013,7618,1118,1,1,0,0
4,3,10/23/2013,7966,1117,1,1,0,0
4,2,10/22/2013,8418,1236,1,1,0,0
4,1,10/21/2013,10284,1325,1,1,0,0
4,7,10/20/2013,0,0,0,0,0,0
4,6,10/19/2013,9356,1308,1,0,0,0
4,5,10/18/2013,6592,1098,1,0,0,0
4,4,10/17/2013,6259,1023,1,0,0,0
4,3,10/16/2013,6657,1001,1,0,0,0
4,2,10/15/2013,7001,1032,1,0,0,0
4,1,10/14/2013,7237,1165,1,0,0,0
4,7,10/13/2013,0,0,0,0,0,0
4,6,10/12/2013,9716,1423,1,0,0,0
4,5,10/11/2013,10062,1383,1,1,0,1
4,4,10/10/2013,9118,1300,1,1,0,1
4,3,10/9/2013,8963,1316,1,1,0,1
4,2,10/8/2013,9872,1354,1,1,0,1
4,1,10/7/2013,12159,1600,1,1,0,1
4,7,10/6/2013,0,0,0,0,0,0
4,6,10/5/2013,8938,1352,1,0,0,0
4,5,10/4/2013,10204,1454,1,0,0,1
4,4,10/3/2013,0,0,0,0,a,1
4,3,10/2/2013,10077,1410,1,0,0,1
4,2,10/1/2013,9255,1283,1,0,0,1
4,1,9/30/2013,11276,1558,1,0,0,1
4,7,9/29/2013,0,0,0,0,0,0
4,6,9/28/2013,9274,1332,1,0,0,0
4,5,9/27/2013,9621,1300,1,1,0,0
4,4,9/26/2013,8447,1214,1,1,0,0
4,3,9/25/2013,9053,1235,1,1,0,0
4,2,9/24/2013,8701,1202,1,1,0,0
4,1,9/23/2013,9908,1341,1,1,0,0
4,7,9/22/2013,0,0,0,0,0,0
4,6,9/21/2013,8631,1336,1,0,0,0
4,5,9/20/2013,7047,1026,1,0,0,0
4,4,9/19/2013,7017,1011,1,0,0,0
4,3,9/18/2013,6701,1048,1,0,0,0
4,2,9/17/2013,7248,1073,1,0,0,0
4,1,9/16/2013,7911,1184,1,0,0,0
4,7,9/15/2013,0,0,0,0,0,0
4,6,9/14/2013,9177,1350,1,0,0,0
4,5,9/13/2013,10197,1356,1,1,0,0
4,4,9/12/2013,10257,1303,1,1,0,0
4,3,9/11/2013,9365,1313,1,1,0,0
4,2,9/10/2013,10610,1398,1,1,0,0
4,1,9/9/2013,11987,1505,1,1,0,0
4,7,9/8/2013,0,0,0,0,0,0
4,6,9/7/2013,8461,1314,1,0,0,0
4,5,9/6/2013,6979,1057,1,0,0,0
4,4,9/5/2013,6803,1050,1,0,0,0
4,3,9/4/2013,8203,1146,1,0,0,0
4,2,9/3/2013,7646,1131,1,0,0,0
4,1,9/2/2013,9030,1257,1,0,0,0
4,7,9/1/2013,0,0,0,0,0,0
4,6,8/31/2013,10740,1502,1,0,0,0
4,5,8/30/2013,11704,1516,1,1,0,0
4,4,8/29/2013,8283,1205,1,1,0,0
4,3,8/28/2013,8351,1140,1,1,0,0
4,2,8/27/2013,8147,1150,1,1,0,0
4,1,8/26/2013,10157,1479,1,1,0,0
4,7,8/25/2013,0,0,0,0,0,0
4,6,8/24/2013,8107,1214,1,0,0,0
4,5,8/23/2013,6562,1029,1,0,0,0
4,4,8/22/2013,6866,1020,1,0,0,0
4,3,8/21/2013,6617,1015,1,0,0,0
4,2,8/20/2013,6887,1089,1,0,0,0
4,1,8/19/2013,8709,1276,1,0,0,0
4,7,8/18/2013,0,0,0,0,0,0
4,6,8/17/2013,8244,1272,1,0,0,0
4,5,8/16/2013,9338,1322,1,1,0,0
4,4,8/15/2013,8712,1293,1,1,0,0
4,3,8/14/2013,10063,1403,1,1,0,0
4,2,8/13/2013,10673,1505,1,1,0,0
4,1,8/12/2013,11913,1660,1,1,0,0
4,7,8/11/2013,0,0,0,0,0,0
4,6,8/10/2013,9149,1379,1,0,0,0
4,5,8/9/2013,7842,1165,1,0,0,0
4,4,8/8/2013,7481,1169,1,0,0,0
4,3,8/7/2013,7156,1137,1,0,0,0
4,2,8/6/2013,7559,1188,1,0,0,0
4,1,8/5/2013,9408,1356,1,0,0,0
4,7,8/4/2013,0,0,0,0,0,0
4,6,8/3/2013,8898,1281,1,0,0,0
4,5,8/2/2013,10075,1362,1,1,0,1
4,4,8/1/2013,10622,1417,1,1,0,1
4,3,7/31/2013,13403,1657,1,1,0,1
4,2,7/30/2013,10780,1442,1,1,0,1
4,1,7/29/2013,11092,1496,1,1,0,1
4,7,7/28/2013,0,0,0,0,0,0
4,6,7/27/2013,7118,1026,1,0,0,0
4,5,7/26/2013,6436,963,1,0,0,1
4,4,7/25/2013,6893,973,1,0,0,1
4,3,7/24/2013,6350,965,1,0,0,1
4,2,7/23/2013,5869,908,1,0,0,1
4,1,7/22/2013,7070,1043,1,0,0,1
4,7,7/21/2013,0,0,0,0,0,0
4,6,7/20/2013,7589,1106,1,0,0,0
4,5,7/19/2013,8236,1215,1,1,0,1
4,4,7/18/2013,8088,1139,1,1,0,1
4,3,7/17/2013,8611,1150,1,1,0,1
4,2,7/16/2013,9349,1262,1,1,0,1
4,1,7/15/2013,11658,1568,1,1,0,1
4,7,7/14/2013,0,0,0,0,0,0
4,6,7/13/2013,7531,1084,1,0,0,0
4,5,7/12/2013,7137,1019,1,0,0,1
4,4,7/11/2013,6653,984,1,0,0,1
4,3,7/10/2013,6519,941,1,0,0,1
4,2,7/9/2013,6554,970,1,0,0,1
4,1,7/8/2013,7976,1152,1,0,0,1
4,7,7/7/2013,0,0,0,0,0,0
4,6,7/6/2013,7924,1167,1,0,0,0
4,5,7/5/2013,8419,1198,1,1,0,1
4,4,7/4/2013,8899,1306,1,1,0,1
4,3,7/3/2013,9089,1225,1,1,0,1
4,2,7/2/2013,9650,1336,1,1,0,1
4,1,7/1/2013,13203,1613,1,1,0,1
4,7,6/30/2013,0,0,0,0,0,0
4,6,6/29/2013,10291,1347,1,0,0,0
4,5,6/28/2013,9674,1270,1,0,0,1
4,4,6/27/2013,8181,1111,1,0,0,1
4,3,6/26/2013,8218,1126,1,0,0,1
4,2,6/25/2013,8429,1123,1,0,0,1
4,1,6/24/2013,9187,1271,1,0,0,1
4,7,6/23/2013,0,0,0,0,0,0
4,6,6/22/2013,8773,1226,1,0,0,0
4,5,6/21/2013,9438,1237,1,1,0,1
4,4,6/20/2013,9545,1263,1,1,0,1
4,3,6/19/2013,9357,1208,1,1,0,1
4,2,6/18/2013,9796,1253,1,1,0,0
4,1,6/17/2013,13108,1584,1,1,0,0
4,7,6/16/2013,0,0,0,0,0,0
4,6,6/15/2013,9774,1398,1,0,0,0
4,5,6/14/2013,8291,1167,1,0,0,0
4,4,6/13/2013,7680,1086,1,0,0,0
4,3,6/12/2013,7179,1061,1,0,0,0
4,2,6/11/2013,7557,1015,1,0,0,0
4,1,6/10/2013,8917,1243,1,0,0,0
4,7,6/9/2013,0,0,0,0,0,0
4,6,6/8/2013,8419,1222,1,0,0,0
4,5,6/7/2013,9561,1279,1,1,0,0
4,4,6/6/2013,8695,1233,1,1,0,0
4,3,6/5/2013,9537,1252,1,1,0,0
4,2,6/4/2013,10584,1379,1,1,0,0
4,1,6/3/2013,13444,1626,1,1,0,0
4,7,6/2/2013,0,0,0,0,0,0
4,6,6/1/2013,11592,1554,1,0,0,0
4,5,5/31/2013,13064,1639,1,1,0,0
4,4,5/30/2013,8975,1205,1,1,0,0
4,3,5/29/2013,9457,1263,1,1,0,0
4,2,5/28/2013,9804,1263,1,1,0,0
4,1,5/27/2013,11293,1490,1,1,0,0
4,7,5/26/2013,0,0,0,0,0,0
4,6,5/25/2013,9971,1413,1,0,0,0
4,5,5/24/2013,7737,1101,1,0,0,0
4,4,5/23/2013,7078,1098,1,0,0,0
4,3,5/22/2013,7456,1121,1,0,0,0
4,2,5/21/2013,9778,1347,1,0,0,1
4,1,5/20/2013,0,0,0,0,a,0
4,7,5/19/2013,0,0,0,0,0,0
4,6,5/18/2013,10853,1554,1,0,0,0
4,5,5/17/2013,9049,1252,1,1,0,0
4,4,5/16/2013,8839,1193,1,1,0,0
4,3,5/15/2013,9446,1218,1,1,0,0
4,2,5/14/2013,10091,1302,1,1,0,0
4,1,5/13/2013,12178,1559,1,1,0,0
4,7,5/12/2013,0,0,0,0,0,0
4,6,5/11/2013,10399,1461,1,0,0,0
4,5,5/10/2013,10624,1492,1,0,0,1
4,4,5/9/2013,0,0,0,0,a,0
4,3,5/8/2013,9078,1316,1,0,0,0
4,2,5/7/2013,8175,1139,1,0,0,0
4,1,5/6/2013,7915,1235,1,0,0,0
4,7,5/5/2013,0,0,0,0,0,0
4,6,5/4/2013,9713,1368,1,0,0,0
4,5,5/3/2013,11335,1492,1,1,0,0
4,4,5/2/2013,12976,1632,1,1,0,0
4,3,5/1/2013,0,0,0,1,a,0
4,2,4/30/2013,14870,1773,1,1,0,0
4,1,4/29/2013,11140,1437,1,1,0,0
4,7,4/28/2013,0,0,0,0,0,0
4,6,4/27/2013,9752,1397,1,0,0,0
4,5,4/26/2013,8593,1242,1,1,0,0
4,4,4/25/2013,7985,1134,1,1,0,0
4,3,4/24/2013,7496,1110,1,1,0,0
4,2,4/23/2013,9166,1251,1,1,0,0
4,1,4/22/2013,11138,1452,1,1,0,0
4,7,4/21/2013,0,0,0,0,0,0
4,6,4/20/2013,8749,1328,1,0,0,0
4,5,4/19/2013,7287,1123,1,0,0,0
4,4,4/18/2013,6390,1010,1,0,0,0
4,3,4/17/2013,6154,992,1,0,0,0
4,2,4/16/2013,6559,993,1,0,0,0
4,1,4/15/2013,7181,1142,1,0,0,0
4,7,4/14/2013,0,0,0,0,0,0
4,6,4/13/2013,9901,1415,1,0,0,0
4,5,4/12/2013,9492,1389,1,1,0,0
4,4,4/11/2013,8764,1270,1,1,0,0
4,3,4/10/2013,8798,1196,1,1,0,0
4,2,4/9/2013,9238,1294,1,1,0,0
4,1,4/8/2013,10943,1562,1,1,0,0
4,7,4/7/2013,0,0,0,0,0,0
4,6,4/6/2013,9985,1418,1,0,0,0
4,5,4/5/2013,8264,1220,1,0,0,1
4,4,4/4/2013,8692,1208,1,0,0,1
4,3,4/3/2013,8922,1263,1,0,0,1
4,2,4/2/2013,11522,1578,1,0,0,1
4,1,4/1/2013,0,0,0,0,b,1
4,7,3/31/2013,0,0,0,0,0,0
4,6,3/30/2013,14669,2077,1,0,0,0
4,5,3/29/2013,0,0,0,1,b,1
4,4,3/28/2013,16910,2096,1,1,0,1
4,3,3/27/2013,11014,1491,1,1,0,1
4,2,3/26/2013,10381,1417,1,1,0,1
4,1,3/25/2013,11548,1599,1,1,0,1
4,7,3/24/2013,0,0,0,0,0,0
4,6,3/23/2013,9875,1455,1,0,0,0
4,5,3/22/2013,10190,1449,1,1,0,0
4,4,3/21/2013,9466,1314,1,1,0,0
4,3,3/20/2013,9149,1307,1,1,0,0
4,2,3/19/2013,10301,1393,1,1,0,0
4,1,3/18/2013,11643,1550,1,1,0,0
4,7,3/17/2013,0,0,0,0,0,0
4,6,3/16/2013,9446,1520,1,0,0,0
4,5,3/15/2013,7849,1145,1,0,0,0
4,4,3/14/2013,7112,1122,1,0,0,0
4,3,3/13/2013,7522,1167,1,0,0,0
4,2,3/12/2013,7676,1150,1,0,0,0
4,1,3/11/2013,8395,1301,1,0,0,0
4,7,3/10/2013,0,0,0,0,0,0
4,6,3/9/2013,9936,1479,1,0,0,0
4,5,3/8/2013,10245,1440,1,1,0,0
4,4,3/7/2013,9190,1322,1,1,0,0
4,3,3/6/2013,9357,1338,1,1,0,0
4,2,3/5/2013,9844,1397,1,1,0,0
4,1,3/4/2013,13382,1658,1,1,0,0
4,7,3/3/2013,0,0,0,0,0,0
4,6,3/2/2013,10541,1557,1,0,0,0
4,5,3/1/2013,9873,1380,1,0,0,0
4,4,2/28/2013,10697,1429,1,0,0,0
4,3,2/27/2013,7256,1082,1,0,0,0
4,2,2/26/2013,7199,1113,1,0,0,0
4,1,2/25/2013,7158,1143,1,0,0,0
4,7,2/24/2013,0,0,0,0,0,0
4,6,2/23/2013,9708,1436,1,0,0,0
4,5,2/22/2013,10623,1415,1,1,0,0
4,4,2/21/2013,9303,1262,1,1,0,0
4,3,2/20/2013,8906,1197,1,1,0,0
4,2,2/19/2013,9719,1295,1,1,0,0
4,1,2/18/2013,13163,1660,1,1,0,0
4,7,2/17/2013,0,0,0,0,0,0
4,6,2/16/2013,9757,1432,1,0,0,0
4,5,2/15/2013,7993,1147,1,0,0,0
4,4,2/14/2013,8239,1219,1,0,0,0
4,3,2/13/2013,7983,1193,1,0,0,0
4,2,2/12/2013,7800,1199,1,0,0,0
4,1,2/11/2013,8907,1386,1,0,0,0
4,7,2/10/2013,0,0,0,0,0,0
4,6,2/9/2013,10095,1480,1,0,0,0
4,5,2/8/2013,9965,1380,1,1,0,1
4,4,2/7/2013,10162,1379,1,1,0,1
4,3,2/6/2013,10095,1411,1,1,0,1
4,2,2/5/2013,11353,1489,1,1,0,1
4,1,2/4/2013,13937,1750,1,1,0,1
4,7,2/3/2013,0,0,0,0,0,0
4,6,2/2/2013,11123,1524,1,0,0,0
4,5,2/1/2013,9332,1363,1,0,0,0
4,4,1/31/2013,10359,1355,1,0,0,0
4,3,1/30/2013,7601,1065,1,0,0,0
4,2,1/29/2013,7559,1116,1,0,0,0
4,1,1/28/2013,7374,1120,1,0,0,0
4,7,1/27/2013,0,0,0,0,0,0
4,6,1/26/2013,9323,1326,1,0,0,0
4,5,1/25/2013,9730,1409,1,1,0,0
4,4,1/24/2013,8516,1203,1,1,0,0
4,3,1/23/2013,9236,1207,1,1,0,0
4,2,1/22/2013,9977,1323,1,1,0,0
4,1,1/21/2013,11667,1556,1,1,0,0
4,7,1/20/2013,0,0,0,0,0,0
4,6,1/19/2013,9455,1427,1,0,0,0
4,5,1/18/2013,7857,1153,1,0,0,0
4,4,1/17/2013,7088,1090,1,0,0,0
4,3,1/16/2013,6537,1061,1,0,0,0
4,2,1/15/2013,7121,1074,1,0,0,0
4,1,1/14/2013,7794,1222,1,0,0,0
4,7,1/13/2013,0,0,0,0,0,0
4,6,1/12/2013,9719,1461,1,0,0,0
4,5,1/11/2013,10512,1412,1,1,0,0
4,4,1/10/2013,9472,1285,1,1,0,0
4,3,1/9/2013,8857,1215,1,1,0,0
4,2,1/8/2013,10031,1325,1,1,0,0
4,1,1/7/2013,12112,1562,1,1,0,0
4,7,1/6/2013,0,0,0,0,0,0
4,6,1/5/2013,10338,1514,1,0,0,0
4,5,1/4/2013,8290,1232,1,0,0,1
4,4,1/3/2013,8247,1248,1,0,0,1
4,3,1/2/2013,9941,1429,1,0,0,1
4,2,1/1/2013,0,0,0,0,a,1
5,5,7/31/2015,4822,559,1,1,0,1
5,4,7/30/2015,4943,539,1,1,0,1
5,3,7/29/2015,5899,658,1,1,0,1
5,2,7/28/2015,6083,598,1,1,0,1
5,1,7/27/2015,7059,650,1,1,0,1
5,7,7/26/2015,0,0,0,0,0,0
5,6,7/25/2015,2030,228,1,0,0,0
5,5,7/24/2015,3815,485,1,0,0,1
5,4,7/23/2015,3713,455,1,0,0,1
5,3,7/22/2015,3595,503,1,0,0,1
5,2,7/21/2015,3497,445,1,0,0,1
5,1,7/20/2015,4183,530,1,0,0,1
5,7,7/19/2015,0,0,0,0,0,0
5,6,7/18/2015,2108,241,1,0,0,0
5,5,7/17/2015,4355,513,1,1,0,1
5,4,7/16/2015,4963,571,1,1,0,1
5,3,7/15/2015,6323,716,1,1,0,1
5,2,7/14/2015,6144,607,1,1,0,1
5,1,7/13/2015,7425,719,1,1,0,1
5,7,7/12/2015,0,0,0,0,0,0
5,6,7/11/2015,2023,228,1,0,0,0
5,5,7/10/2015,4252,530,1,0,0,0
5,4,7/9/2015,4601,540,1,0,0,0
5,3,7/8/2015,4990,639,1,0,0,0
5,2,7/7/2015,4036,507,1,0,0,0
5,1,7/6/2015,4328,543,1,0,0,0
5,7,7/5/2015,0,0,0,0,0,0
5,6,7/4/2015,2240,225,1,0,0,0
5,5,7/3/2015,4475,527,1,1,0,0
5,4,7/2/2015,6035,613,1,1,0,0
5,3,7/1/2015,6253,717,1,1,0,0
5,2,6/30/2015,6635,645,1,1,0,0
5,1,6/29/2015,7623,668,1,1,0,0
5,7,6/28/2015,0,0,0,0,0,0
5,6,6/27/2015,1876,203,1,0,0,0
5,5,6/26/2015,3799,460,1,0,0,0
5,4,6/25/2015,3325,472,1,0,0,0
5,3,6/24/2015,4134,561,1,0,0,0
5,2,6/23/2015,3697,475,1,0,0,0
5,1,6/22/2015,3827,497,1,0,0,0
5,7,6/21/2015,0,0,0,0,0,0
5,6,6/20/2015,2088,210,1,0,0,0
5,5,6/19/2015,5711,610,1,1,0,0
5,4,6/18/2015,4924,545,1,1,0,0
5,3,6/17/2015,5632,651,1,1,0,0
5,2,6/16/2015,6354,671,1,1,0,0
5,1,6/15/2015,7808,747,1,1,0,0
5,7,6/14/2015,0,0,0,0,0,0
5,6,6/13/2015,2156,234,1,0,0,0
5,5,6/12/2015,4329,500,1,0,0,0
5,4,6/11/2015,4082,507,1,0,0,0
5,3,6/10/2015,4191,557,1,0,0,0
5,2,6/9/2015,3999,522,1,0,0,0
5,1,6/8/2015,4260,558,1,0,0,0
5,7,6/7/2015,0,0,0,0,0,0
5,6,6/6/2015,1838,236,1,0,0,0
5,5,6/5/2015,5431,595,1,1,0,0
5,4,6/4/2015,5807,625,1,1,a,0
5,3,6/3/2015,5703,674,1,1,0,0
5,2,6/2/2015,6416,686,1,1,0,0
5,1,6/1/2015,8396,778,1,1,0,0
5,7,5/31/2015,0,0,0,0,0,0
5,6,5/30/2015,2533,251,1,0,0,0
5,5,5/29/2015,5833,651,1,0,0,0
5,4,5/28/2015,4134,513,1,0,0,0
5,3,5/27/2015,4431,571,1,0,0,0
5,2,5/26/2015,4567,570,1,0,0,0
5,1,5/25/2015,0,0,0,0,a,0
5,7,5/24/2015,0,0,0,0,0,0
5,6,5/23/2015,2151,236,1,0,0,0
5,5,5/22/2015,4813,582,1,1,0,0
5,4,5/21/2015,4660,547,1,1,0,0
5,3,5/20/2015,5697,668,1,1,0,0
5,2,5/19/2015,5957,634,1,1,0,0
5,1,5/18/2015,7173,707,1,1,0,0
5,7,5/17/2015,0,0,0,0,0,0
5,6,5/16/2015,1997,221,1,0,0,0
5,5,5/15/2015,4746,592,1,0,0,1
5,4,5/14/2015,0,0,0,0,a,0
5,3,5/13/2015,5414,692,1,0,0,0
5,2,5/12/2015,4438,562,1,0,0,0
5,1,5/11/2015,4305,517,1,0,0,0
5,7,5/10/2015,0,0,0,0,0,0
5,6,5/9/2015,2354,254,1,0,0,0
5,5,5/8/2015,5301,610,1,1,0,0
5,4,5/7/2015,4897,577,1,1,0,0
5,3,5/6/2015,5795,660,1,1,0,0
5,2,5/5/2015,6315,626,1,1,0,0
5,1,5/4/2015,7503,754,1,1,0,0
5,7,5/3/2015,0,0,0,0,0,0
5,6,5/2/2015,3182,327,1,0,0,0
5,5,5/1/2015,0,0,0,1,a,0
5,4,4/30/2015,6598,729,1,1,0,0
5,3,4/29/2015,6366,717,1,1,0,0
5,2,4/28/2015,6012,580,1,1,0,0
5,1,4/27/2015,6858,670,1,1,0,0
5,7,4/26/2015,0,0,0,0,0,0
5,6,4/25/2015,2015,224,1,0,0,0
5,5,4/24/2015,3516,487,1,0,0,0
5,4,4/23/2015,3586,495,1,0,0,0
5,3,4/22/2015,4121,562,1,0,0,0
5,2,4/21/2015,3388,479,1,0,0,0
5,1,4/20/2015,3797,525,1,0,0,0
5,7,4/19/2015,0,0,0,0,0,0
5,6,4/18/2015,1828,230,1,0,0,0
5,5,4/17/2015,5098,578,1,1,0,0
5,4,4/16/2015,5404,579,1,1,0,0
5,3,4/15/2015,6071,681,1,1,0,0
5,2,4/14/2015,6132,660,1,1,0,0
5,1,4/13/2015,7213,727,1,1,0,0
5,7,4/12/2015,0,0,0,0,0,0
5,6,4/11/2015,1945,222,1,0,0,0
5,5,4/10/2015,4064,514,1,0,0,1
5,4,4/9/2015,3704,512,1,0,0,1
5,3,4/8/2015,4191,550,1,0,0,1
5,2,4/7/2015,4713,612,1,0,0,1
5,1,4/6/2015,0,0,0,0,b,1
5,7,4/5/2015,0,0,0,0,0,0
5,6,4/4/2015,3248,351,1,0,0,0
5,5,4/3/2015,0,0,0,1,b,1
5,4,4/2/2015,6321,667,1,1,0,1
5,3,4/1/2015,7720,773,1,1,0,0
5,2,3/31/2015,7692,659,1,1,0,0
5,1,3/30/2015,8847,770,1,1,0,0
5,7,3/29/2015,0,0,0,0,0,0
5,6,3/28/2015,2038,219,1,0,0,0
5,5,3/27/2015,4181,499,1,0,0,0
5,4,3/26/2015,3711,460,1,0,0,0
5,3,3/25/2015,4325,613,1,0,0,0
5,2,3/24/2015,4073,537,1,0,0,0
5,1,3/23/2015,4028,540,1,0,0,0
5,7,3/22/2015,0,0,0,0,0,0
5,6,3/21/2015,1783,201,1,0,0,0
5,5,3/20/2015,4709,554,1,1,0,0
5,4,3/19/2015,4720,554,1,1,0,0
5,3,3/18/2015,5261,634,1,1,0,0
5,2,3/17/2015,5555,601,1,1,0,0
5,1,3/16/2015,7237,718,1,1,0,0
5,7,3/15/2015,0,0,0,0,0,0
5,6,3/14/2015,2042,204,1,0,0,0
5,5,3/13/2015,4146,494,1,0,0,0
5,4,3/12/2015,3580,481,1,0,0,0
5,3,3/11/2015,3985,568,1,0,0,0
5,2,3/10/2015,3935,528,1,0,0,0
5,1,3/9/2015,4264,555,1,0,0,0
5,7,3/8/2015,0,0,0,0,0,0
5,6,3/7/2015,1689,191,1,0,0,0
5,5,3/6/2015,5221,580,1,1,0,0
5,4,3/5/2015,4692,538,1,1,0,0
5,3,3/4/2015,6407,697,1,1,0,0
5,2,3/3/2015,6036,632,1,1,0,0
5,1,3/2/2015,7524,797,1,1,0,0
5,7,3/1/2015,0,0,0,0,0,0
5,6,2/28/2015,2274,244,1,0,0,0
5,5,2/27/2015,4548,541,1,0,0,0
5,4,2/26/2015,3560,475,1,0,0,0
5,3,2/25/2015,4179,553,1,0,0,0
5,2,2/24/2015,3848,525,1,0,0,0
5,1,2/23/2015,3742,502,1,0,0,0
5,7,2/22/2015,0,0,0,0,0,0
5,6,2/21/2015,1752,199,1,0,0,0
5,5,2/20/2015,4658,555,1,1,0,1
5,4,2/19/2015,4839,568,1,1,0,1
5,3,2/18/2015,5389,630,1,1,0,1
5,2,2/17/2015,5433,584,1,1,0,1
5,1,2/16/2015,7566,708,1,1,0,1
5,7,2/15/2015,0,0,0,0,0,0
5,6,2/14/2015,2162,254,1,0,0,0
5,5,2/13/2015,4617,542,1,0,0,1
5,4,2/12/2015,3852,453,1,0,0,1
5,3,2/11/2015,3862,559,1,0,0,1
5,2,2/10/2015,3912,512,1,0,0,1
5,1,2/9/2015,3294,442,1,0,0,1
5,7,2/8/2015,0,0,0,0,0,0
5,6,2/7/2015,2064,229,1,0,0,0
5,5,2/6/2015,5209,582,1,1,0,0
5,4,2/5/2015,5011,541,1,1,0,0
5,3,2/4/2015,5656,640,1,1,0,0
5,2,2/3/2015,6231,625,1,1,0,0
5,1,2/2/2015,7407,744,1,1,0,0
5,7,2/1/2015,0,0,0,0,0,0
5,6,1/31/2015,2110,228,1,0,0,0
5,5,1/30/2015,5640,617,1,1,0,0
5,4,1/29/2015,4932,517,1,1,0,0
5,3,1/28/2015,5372,641,1,1,0,0
5,2,1/27/2015,5505,569,1,1,0,0
5,1,1/26/2015,6277,659,1,1,0,0
5,7,1/25/2015,0,0,0,0,0,0
5,6,1/24/2015,1911,207,1,0,0,0
5,5,1/23/2015,3962,476,1,0,0,0
5,4,1/22/2015,3570,454,1,0,0,0
5,3,1/21/2015,4025,553,1,0,0,0
5,2,1/20/2015,3701,485,1,0,0,0
5,1,1/19/2015,4195,549,1,0,0,0
5,7,1/18/2015,0,0,0,0,0,0
5,6,1/17/2015,1743,201,1,0,0,0
5,5,1/16/2015,5177,582,1,1,0,0
5,4,1/15/2015,5101,563,1,1,0,0
5,3,1/14/2015,5219,595,1,1,0,0
5,2,1/13/2015,5748,643,1,1,0,0
5,1,1/12/2015,7523,725,1,1,0,0
5,7,1/11/2015,0,0,0,0,0,0
5,6,1/10/2015,2169,229,1,0,0,0
5,5,1/9/2015,4780,560,1,1,0,0
5,4,1/8/2015,4800,513,1,1,0,0
5,3,1/7/2015,5264,609,1,1,0,0
5,2,1/6/2015,6123,658,1,1,0,0
5,1,1/5/2015,7314,749,1,1,0,0
5,7,1/4/2015,0,0,0,0,0,0
5,6,1/3/2015,2109,230,1,0,0,0
5,5,1/2/2015,4773,509,1,0,0,1
5,4,1/1/2015,0,0,0,0,a,1
5,3,12/31/2014,1830,217,1,0,0,1
5,2,12/30/2014,5056,585,1,0,0,1
5,1,12/29/2014,4646,573,1,0,0,1
5,7,12/28/2014,0,0,0,0,0,0
5,6,12/27/2014,2847,317,1,0,0,0
5,5,12/26/2014,0,0,0,0,c,1
5,4,12/25/2014,0,0,0,0,c,1
5,3,12/24/2014,2850,311,1,0,0,1
5,2,12/23/2014,9164,876,1,0,0,1
5,1,12/22/2014,8765,950,1,0,0,1
5,7,12/21/2014,0,0,0,0,0,0
5,6,12/20/2014,3912,346,1,0,0,0
5,5,12/19/2014,7085,721,1,1,0,0
5,4,12/18/2014,7726,750,1,1,0,0
5,3,12/17/2014,8758,799,1,1,0,0
5,2,12/16/2014,8665,764,1,1,0,0
5,1,12/15/2014,10870,907,1,1,0,0
5,7,12/14/2014,0,0,0,0,0,0
5,6,12/13/2014,2572,281,1,0,0,0
5,5,12/12/2014,5355,583,1,0,0,0
5,4,12/11/2014,4929,544,1,0,0,0
5,3,12/10/2014,5345,602,1,0,0,0
5,2,12/9/2014,5183,587,1,0,0,0
5,1,12/8/2014,4989,598,1,0,0,0
5,7,12/7/2014,0,0,0,0,0,0
5,6,12/6/2014,3054,392,1,0,0,0
5,5,12/5/2014,7606,744,1,1,0,0
5,4,12/4/2014,5792,602,1,1,0,0
5,3,12/3/2014,6096,652,1,1,0,0
5,2,12/2/2014,7180,688,1,1,0,0
5,1,12/1/2014,8580,783,1,1,0,0
5,7,11/30/2014,0,0,0,0,0,0
5,6,11/29/2014,2435,270,1,0,0,0
5,5,11/28/2014,6875,689,1,1,0,0
5,4,11/27/2014,5670,589,1,1,0,0
5,3,11/26/2014,6187,688,1,1,0,0
5,2,11/25/2014,6338,641,1,1,0,0
5,1,11/24/2014,7528,737,1,1,0,0
5,7,11/23/2014,0,0,0,0,0,0
5,6,11/22/2014,2225,223,1,0,0,0
5,5,11/21/2014,4456,539,1,0,0,0
5,4,11/20/2014,5291,624,1,0,0,0
5,3,11/19/2014,0,0,0,0,a,0
5,2,11/18/2014,4530,586,1,0,0,0
5,1,11/17/2014,4564,594,1,0,0,0
5,7,11/16/2014,0,0,0,0,0,0
5,6,11/15/2014,2146,259,1,0,0,0
5,5,11/14/2014,5199,568,1,1,0,0
5,4,11/13/2014,5013,576,1,1,0,0
5,3,11/12/2014,5903,711,1,1,0,0
5,2,11/11/2014,5736,623,1,1,0,0
5,1,11/10/2014,6540,689,1,1,0,0
5,7,11/9/2014,0,0,0,0,0,0
5,6,11/8/2014,2280,244,1,0,0,0
5,5,11/7/2014,5284,592,1,1,0,0
5,4,11/6/2014,5264,540,1,1,0,0
5,3,11/5/2014,5913,674,1,1,0,0
5,2,11/4/2014,6836,708,1,1,0,0
5,1,11/3/2014,8274,792,1,1,0,0
5,7,11/2/2014,0,0,0,0,0,0
5,6,11/1/2014,2817,314,1,0,0,0
5,5,10/31/2014,0,0,0,0,a,1
5,4,10/30/2014,5141,633,1,0,0,1
5,3,10/29/2014,3944,546,1,0,0,1
5,2,10/28/2014,3504,458,1,0,0,1
5,1,10/27/2014,3687,491,1,0,0,1
5,7,10/26/2014,0,0,0,0,0,0
5,6,10/25/2014,1697,205,1,0,0,0
5,5,10/24/2014,4878,581,1,1,0,1
5,4,10/23/2014,4179,488,1,1,0,1
5,3,10/22/2014,4628,500,1,1,0,1
5,2,10/21/2014,5310,589,1,1,0,1
5,1,10/20/2014,6096,638,1,1,0,1
5,7,10/19/2014,0,0,0,0,0,0
5,6,10/18/2014,2441,276,1,0,0,0
5,5,10/17/2014,4499,544,1,0,0,0
5,4,10/16/2014,3653,485,1,0,0,0
5,3,10/15/2014,4486,612,1,0,0,0
5,2,10/14/2014,3640,481,1,0,0,0
5,1,10/13/2014,4127,571,1,0,0,0
5,7,10/12/2014,0,0,0,0,0,0
5,6,10/11/2014,1837,233,1,0,0,0
5,5,10/10/2014,5138,591,1,1,0,0
5,4,10/9/2014,5469,592,1,1,0,0
5,3,10/8/2014,5399,666,1,1,0,0
5,2,10/7/2014,6693,668,1,1,0,0
5,1,10/6/2014,7688,775,1,1,0,0
5,7,10/5/2014,0,0,0,0,0,0
5,6,10/4/2014,2692,292,1,0,0,0
5,5,10/3/2014,0,0,0,1,a,0
5,4,10/2/2014,5994,686,1,1,0,0
5,3,10/1/2014,6384,732,1,1,0,0
5,2,9/30/2014,6633,676,1,1,0,0
5,1,9/29/2014,6274,645,1,1,0,0
5,7,9/28/2014,0,0,0,0,0,0
5,6,9/27/2014,2000,215,1,0,0,0
5,5,9/26/2014,3660,469,1,0,0,0
5,4,9/25/2014,3629,475,1,0,0,0
5,3,9/24/2014,4265,588,1,0,0,0
5,2,9/23/2014,3338,481,1,0,0,0
5,1,9/22/2014,4039,535,1,0,0,0
5,7,9/21/2014,0,0,0,0,0,0
5,6,9/20/2014,1946,218,1,0,0,0
5,5,9/19/2014,4899,598,1,1,0,0
5,4,9/18/2014,5003,568,1,1,0,0
5,3,9/17/2014,5685,651,1,1,0,0
5,2,9/16/2014,5438,621,1,1,0,0
5,1,9/15/2014,7797,735,1,1,0,0
5,7,9/14/2014,0,0,0,0,0,0
5,6,9/13/2014,2107,214,1,0,0,0
5,5,9/12/2014,3869,463,1,0,0,0
5,4,9/11/2014,4557,533,1,0,0,0
5,3,9/10/2014,4305,590,1,0,0,0
5,2,9/9/2014,3624,510,1,0,0,0
5,1,9/8/2014,3511,531,1,0,0,0
5,7,9/7/2014,0,0,0,0,0,0
5,6,9/6/2014,2187,234,1,0,0,0
5,5,9/5/2014,4686,554,1,1,0,0
5,4,9/4/2014,5380,587,1,1,0,0
5,3,9/3/2014,5884,654,1,1,0,0
5,2,9/2/2014,6226,619,1,1,0,0
5,1,9/1/2014,7786,758,1,1,0,0
5,7,8/31/2014,0,0,0,0,0,0
5,6,8/30/2014,2315,240,1,0,0,0
5,5,8/29/2014,4860,559,1,0,0,1
5,4,8/28/2014,4070,508,1,0,0,1
5,3,8/27/2014,4306,590,1,0,0,1
5,2,8/26/2014,3623,442,1,0,0,1
5,1,8/25/2014,3693,484,1,0,0,1
5,7,8/24/2014,0,0,0,0,0,0
5,6,8/23/2014,1791,217,1,0,0,0
5,5,8/22/2014,4956,577,1,1,0,1
5,4,8/21/2014,4773,533,1,1,0,1
5,3,8/20/2014,5800,684,1,1,0,1
5,2,8/19/2014,5784,616,1,1,0,1
5,1,8/18/2014,7521,714,1,1,0,1
5,7,8/17/2014,0,0,0,0,0,0
5,6,8/16/2014,1998,228,1,0,0,0
5,5,8/15/2014,3667,512,1,0,0,1
5,4,8/14/2014,3790,484,1,0,0,1
5,3,8/13/2014,4458,592,1,0,0,1
5,2,8/12/2014,3831,529,1,0,0,1
5,1,8/11/2014,4414,554,1,0,0,1
5,7,8/10/2014,0,0,0,0,0,0
5,6,8/9/2014,1711,205,1,0,0,0
5,5,8/8/2014,5051,573,1,1,0,1
5,4,8/7/2014,4940,583,1,1,0,1
5,3,8/6/2014,5711,680,1,1,0,1
5,2,8/5/2014,6108,636,1,1,0,1
5,1,8/4/2014,5391,614,1,1,0,1
5,7,8/3/2014,0,0,0,0,0,0
5,6,8/2/2014,1593,220,1,0,0,0
5,5,8/1/2014,4381,562,1,1,0,1
5,4,7/31/2014,5824,630,1,1,0,1
5,3,7/30/2014,5310,649,1,1,0,1
5,2,7/29/2014,5283,551,1,1,0,1
5,1,7/28/2014,6846,711,1,1,0,1
5,7,7/27/2014,0,0,0,0,0,0
5,6,7/26/2014,2200,236,1,0,0,0
5,5,7/25/2014,3747,500,1,0,0,1
5,4,7/24/2014,3425,454,1,0,0,1
5,3,7/23/2014,4276,592,1,0,0,1
5,2,7/22/2014,3537,458,1,0,0,1
5,1,7/21/2014,3753,486,1,0,0,1
5,7,7/20/2014,0,0,0,0,0,0
5,6,7/19/2014,1897,237,1,0,0,0
5,5,7/18/2014,5480,603,1,1,0,0
5,4,7/17/2014,5421,598,1,1,0,0
5,3,7/16/2014,6106,743,1,1,0,0
5,2,7/15/2014,6197,668,1,1,0,0
5,1,7/14/2014,7096,703,1,1,0,0
5,7,7/13/2014,0,0,0,0,0,0
5,6,7/12/2014,2340,264,1,0,0,0
5,5,7/11/2014,3991,533,1,0,0,0
5,4,7/10/2014,3465,502,1,0,0,0
5,3,7/9/2014,4109,587,1,0,0,0
5,2,7/8/2014,3704,496,1,0,0,0
5,1,7/7/2014,4125,582,1,0,0,0
5,7,7/6/2014,0,0,0,0,0,0
5,6,7/5/2014,2207,233,1,0,0,0
5,5,7/4/2014,4886,579,1,1,0,0
5,4,7/3/2014,4704,560,1,1,0,0
5,3,7/2/2014,6153,710,1,1,0,0
5,2,7/1/2014,6407,689,1,1,0,0
5,1,6/30/2014,7954,784,1,1,0,0
5,7,6/29/2014,0,0,0,0,0,0
5,6,6/28/2014,2206,241,1,0,0,0
5,5,6/27/2014,4264,515,1,0,0,0
5,4,6/26/2014,3115,450,1,0,0,0
5,3,6/25/2014,4026,557,1,0,0,0
5,2,6/24/2014,3748,452,1,0,0,0
5,1,6/23/2014,3964,555,1,0,0,0
5,7,6/22/2014,0,0,0,0,0,0
5,6,6/21/2014,1816,215,1,0,0,0
5,5,6/20/2014,4741,586,1,1,0,0
5,4,6/19/2014,5307,574,1,1,a,0
5,3,6/18/2014,5432,679,1,1,0,0
5,2,6/17/2014,6171,657,1,1,0,0
5,1,6/16/2014,8065,738,1,1,0,0
5,7,6/15/2014,0,0,0,0,0,0
5,6,6/14/2014,1991,237,1,0,0,0
5,5,6/13/2014,4176,558,1,0,0,0
5,4,6/12/2014,4585,577,1,0,0,0
5,3,6/11/2014,3857,560,1,0,0,0
5,2,6/10/2014,4196,570,1,0,0,0
5,1,6/9/2014,0,0,0,0,a,0
5,7,6/8/2014,0,0,0,0,0,0
5,6,6/7/2014,2461,262,1,0,0,0
5,5,6/6/2014,5884,641,1,1,0,0
5,4,6/5/2014,5247,608,1,1,0,0
5,3,6/4/2014,6056,733,1,1,0,0
5,2,6/3/2014,5732,645,1,1,0,0
5,1,6/2/2014,7860,788,1,1,0,0
5,7,6/1/2014,0,0,0,0,0,0
5,6,5/31/2014,2026,235,1,0,0,0
5,5,5/30/2014,5858,673,1,0,0,1
5,4,5/29/2014,0,0,0,0,a,0
5,3,5/28/2014,4613,571,1,0,0,0
5,2,5/27/2014,3849,475,1,0,0,0
5,1,5/26/2014,3736,523,1,0,0,0
5,7,5/25/2014,0,0,0,0,0,0
5,6,5/24/2014,1888,218,1,0,0,0
5,5,5/23/2014,4818,591,1,1,0,0
5,4,5/22/2014,4669,544,1,1,0,0
5,3,5/21/2014,5035,658,1,1,0,0
5,2,5/20/2014,4986,584,1,1,0,0
5,1,5/19/2014,7560,727,1,1,0,0
5,7,5/18/2014,0,0,0,0,0,0
5,6,5/17/2014,1698,206,1,0,0,0
5,5,5/16/2014,4208,548,1,0,0,0
5,4,5/15/2014,3996,499,1,0,0,0
5,3,5/14/2014,4207,583,1,0,0,0
5,2,5/13/2014,3710,495,1,0,0,0
5,1,5/12/2014,4123,514,1,0,0,0
5,7,5/11/2014,0,0,0,0,0,0
5,6,5/10/2014,2350,250,1,0,0,0
5,5,5/9/2014,5883,614,1,1,0,0
5,4,5/8/2014,5410,623,1,1,0,0
5,3,5/7/2014,5795,684,1,1,0,0
5,2,5/6/2014,5777,641,1,1,0,0
5,1,5/5/2014,7446,791,1,1,0,0
5,7,5/4/2014,0,0,0,0,0,0
5,6,5/3/2014,2061,236,1,0,0,0
5,5,5/2/2014,6978,743,1,1,0,0
5,4,5/1/2014,0,0,0,1,a,0
5,3,4/30/2014,6543,783,1,1,0,0
5,2,4/29/2014,6274,640,1,1,0,0
5,1,4/28/2014,7184,727,1,1,0,0
5,7,4/27/2014,0,0,0,0,0,0
5,6,4/26/2014,1802,221,1,0,0,0
5,5,4/25/2014,3659,491,1,0,0,1
5,4,4/24/2014,3661,475,1,0,0,1
5,3,4/23/2014,3875,562,1,0,0,1
5,2,4/22/2014,3615,507,1,0,0,1
5,1,4/21/2014,0,0,0,0,b,1
5,7,4/20/2014,0,0,0,0,0,0
5,6,4/19/2014,3153,341,1,0,0,0
5,5,4/18/2014,0,0,0,1,b,1
5,4,4/17/2014,6690,743,1,1,0,0
5,3,4/16/2014,7722,795,1,1,0,0
5,2,4/15/2014,7439,743,1,1,0,0
5,1,4/14/2014,7980,711,1,1,0,0
5,7,4/13/2014,0,0,0,0,0,0
5,6,4/12/2014,1423,182,1,0,0,0
5,5,4/11/2014,3623,492,1,0,0,0
5,4,4/10/2014,3526,475,1,0,0,0
5,3,4/9/2014,4013,581,1,0,0,0
5,2,4/8/2014,3823,515,1,0,0,0
5,1,4/7/2014,4014,557,1,0,0,0
5,7,4/6/2014,0,0,0,0,0,0
5,6,4/5/2014,1911,218,1,0,0,0
5,5,4/4/2014,5251,588,1,1,0,0
5,4,4/3/2014,4853,605,1,1,0,0
5,3,4/2/2014,6260,699,1,1,0,0
5,2,4/1/2014,6100,665,1,1,0,0
5,1,3/31/2014,7135,748,1,1,0,0
5,7,3/30/2014,0,0,0,0,0,0
5,6,3/29/2014,1747,217,1,0,0,0
5,5,3/28/2014,3575,460,1,0,0,0
5,4,3/27/2014,3488,453,1,0,0,0
5,3,3/26/2014,3622,562,1,0,0,0
5,2,3/25/2014,3535,456,1,0,0,0
5,1,3/24/2014,3378,444,1,0,0,0
5,7,3/23/2014,0,0,0,0,0,0
5,6,3/22/2014,1740,222,1,0,0,0
5,5,3/21/2014,4550,549,1,1,0,0
5,4,3/20/2014,4478,502,1,1,0,0
5,3,3/19/2014,5031,615,1,1,0,0
5,2,3/18/2014,5682,629,1,1,0,0
5,1,3/17/2014,7702,777,1,1,0,0
5,7,3/16/2014,0,0,0,0,0,0
5,6,3/15/2014,1895,214,1,0,0,0
5,5,3/14/2014,3982,512,1,0,0,0
5,4,3/13/2014,3728,463,1,0,0,0
5,3,3/12/2014,4031,578,1,0,0,0
5,2,3/11/2014,3643,512,1,0,0,0
5,1,3/10/2014,3629,499,1,0,0,0
5,7,3/9/2014,0,0,0,0,0,0
5,6,3/8/2014,1991,211,1,0,0,0
5,5,3/7/2014,4804,590,1,1,0,0
5,4,3/6/2014,4805,564,1,1,0,0
5,3,3/5/2014,6208,746,1,1,0,0
5,2,3/4/2014,5423,621,1,1,0,0
5,1,3/3/2014,7607,768,1,1,0,0
5,7,3/2/2014,0,0,0,0,0,0
5,6,3/1/2014,2170,256,1,0,0,0
5,5,2/28/2014,4602,537,1,0,0,1
5,4,2/27/2014,3176,460,1,0,0,1
5,3,2/26/2014,3568,548,1,0,0,1
5,2,2/25/2014,3407,458,1,0,0,1
5,1,2/24/2014,3558,480,1,0,0,1
5,7,2/23/2014,0,0,0,0,0,0
5,6,2/22/2014,1975,235,1,0,0,0
5,5,2/21/2014,4389,512,1,1,0,1
5,4,2/20/2014,5365,592,1,1,0,1
5,3,2/19/2014,5307,603,1,1,0,1
5,2,2/18/2014,5368,591,1,1,0,1
5,1,2/17/2014,7170,728,1,1,0,1
5,7,2/16/2014,0,0,0,0,0,0
5,6,2/15/2014,2165,219,1,0,0,0
5,5,2/14/2014,4431,552,1,0,0,0
5,4,2/13/2014,3823,488,1,0,0,0
5,3,2/12/2014,4475,604,1,0,0,0
5,2,2/11/2014,3649,505,1,0,0,0
5,1,2/10/2014,4108,541,1,0,0,0
5,7,2/9/2014,0,0,0,0,0,0
5,6,2/8/2014,1910,223,1,0,0,0
5,5,2/7/2014,5492,594,1,1,0,0
5,4,2/6/2014,5266,567,1,1,0,0
5,3,2/5/2014,6486,700,1,1,0,0
5,2,2/4/2014,6979,680,1,1,0,0
5,1,2/3/2014,8696,799,1,1,0,0
5,7,2/2/2014,0,0,0,0,0,0
5,6,2/1/2014,2138,236,1,0,0,0
5,5,1/31/2014,4982,581,1,0,0,0
5,4,1/30/2014,3802,485,1,0,0,0
5,3,1/29/2014,4409,558,1,0,0,0
5,2,1/28/2014,3508,464,1,0,0,0
5,1,1/27/2014,3412,453,1,0,0,0
5,7,1/26/2014,0,0,0,0,0,0
5,6,1/25/2014,1662,188,1,0,0,0
5,5,1/24/2014,4752,531,1,1,0,0
5,4,1/23/2014,4647,521,1,1,0,0
5,3,1/22/2014,5042,584,1,1,0,0
5,2,1/21/2014,5371,568,1,1,0,0
5,1,1/20/2014,7716,705,1,1,0,0
5,7,1/19/2014,0,0,0,0,0,0
5,6,1/18/2014,1940,222,1,0,0,0
5,5,1/17/2014,4169,520,1,0,0,0
5,4,1/16/2014,3411,464,1,0,0,0
5,3,1/15/2014,3837,538,1,0,0,0
5,2,1/14/2014,3473,463,1,0,0,0
5,1,1/13/2014,3652,511,1,0,0,0
5,7,1/12/2014,0,0,0,0,0,0
5,6,1/11/2014,2035,240,1,0,0,0
5,5,1/10/2014,5008,582,1,1,0,0
5,4,1/9/2014,4753,545,1,1,0,0
5,3,1/8/2014,5966,732,1,1,0,0
5,2,1/7/2014,6280,660,1,1,0,0
5,1,1/6/2014,8310,811,1,1,0,0
5,7,1/5/2014,0,0,0,0,0,0
5,6,1/4/2014,1711,196,1,0,0,0
5,5,1/3/2014,4414,557,1,0,0,1
5,4,1/2/2014,4077,550,1,0,0,1
5,3,1/1/2014,0,0,0,0,a,1
5,2,12/31/2013,2009,241,1,0,0,1
5,1,12/30/2013,6681,738,1,0,0,1
5,7,12/29/2013,0,0,0,0,0,0
5,6,12/28/2013,2303,266,1,0,0,0
5,5,12/27/2013,5516,655,1,0,0,1
5,4,12/26/2013,0,0,0,0,c,1
5,3,12/25/2013,0,0,0,0,c,1
5,2,12/24/2013,3091,319,1,0,0,1
5,1,12/23/2013,10877,1081,1,0,0,1
5,7,12/22/2013,0,0,0,0,0,0
5,6,12/21/2013,3995,351,1,0,0,0
5,5,12/20/2013,8129,782,1,1,0,0
5,4,12/19/2013,8331,818,1,1,0,0
5,3,12/18/2013,9315,881,1,1,0,0
5,2,12/17/2013,9413,812,1,1,0,0
5,1,12/16/2013,11692,968,1,1,0,0
5,7,12/15/2013,0,0,0,0,0,0
5,6,12/14/2013,2014,225,1,0,0,0
5,5,12/13/2013,5021,573,1,0,0,0
5,4,12/12/2013,5048,571,1,0,0,0
5,3,12/11/2013,5517,637,1,0,0,0
5,2,12/10/2013,4973,574,1,0,0,0
5,1,12/9/2013,3879,477,1,0,0,0
5,7,12/8/2013,0,0,0,0,0,0
5,6,12/7/2013,2228,276,1,0,0,0
5,5,12/6/2013,5011,575,1,1,0,0
5,4,12/5/2013,7765,753,1,1,0,0
5,3,12/4/2013,7284,728,1,1,0,0
5,2,12/3/2013,7663,744,1,1,0,0
5,1,12/2/2013,9761,878,1,1,0,0
5,7,12/1/2013,0,0,0,0,0,0
5,6,11/30/2013,2704,260,1,0,0,0
5,5,11/29/2013,6158,630,1,0,0,0
5,4,11/28/2013,4676,542,1,0,0,0
5,3,11/27/2013,5128,655,1,0,0,0
5,2,11/26/2013,4597,531,1,0,0,0
5,1,11/25/2013,4597,569,1,0,0,0
5,7,11/24/2013,0,0,0,0,0,0
5,6,11/23/2013,2075,245,1,0,0,0
5,5,11/22/2013,6198,643,1,1,0,0
5,4,11/21/2013,6641,713,1,1,0,0
5,3,11/20/2013,0,0,0,1,a,0
5,2,11/19/2013,7632,752,1,1,0,0
5,1,11/18/2013,8022,759,1,1,0,0
5,7,11/17/2013,0,0,0,0,0,0
5,6,11/16/2013,1925,233,1,0,0,0
5,5,11/15/2013,4613,539,1,0,0,0
5,4,11/14/2013,4086,521,1,0,0,0
5,3,11/13/2013,4319,576,1,0,0,0
5,2,11/12/2013,3920,506,1,0,0,0
5,1,11/11/2013,3866,523,1,0,0,0
5,7,11/10/2013,0,0,0,0,0,0
5,6,11/9/2013,1974,217,1,0,0,0
5,5,11/8/2013,4725,544,1,1,0,0
5,4,11/7/2013,4987,564,1,1,0,0
5,3,11/6/2013,6200,709,1,1,0,0
5,2,11/5/2013,6228,667,1,1,0,0
5,1,11/4/2013,7030,744,1,1,0,0
5,7,11/3/2013,0,0,0,0,0,0
5,6,11/2/2013,2190,231,1,0,0,0
5,5,11/1/2013,5076,648,1,0,0,1
5,4,10/31/2013,0,0,0,0,a,1
5,3,10/30/2013,5850,743,1,0,0,1
5,2,10/29/2013,3909,493,1,0,0,1
5,1,10/28/2013,3578,504,1,0,0,1
5,7,10/27/2013,0,0,0,0,0,0
5,6,10/26/2013,1700,211,1,0,0,0
5,5,10/25/2013,5347,581,1,1,0,1
5,4,10/24/2013,5049,566,1,1,0,1
5,3,10/23/2013,6517,752,1,1,0,1
5,2,10/22/2013,5174,581,1,1,0,1
5,1,10/21/2013,7690,753,1,1,0,1
5,7,10/20/2013,0,0,0,0,0,0
5,6,10/19/2013,1938,202,1,0,0,0
5,5,10/18/2013,3867,512,1,0,0,0
5,4,10/17/2013,3721,511,1,0,0,0
5,3,10/16/2013,4415,625,1,0,0,0
5,2,10/15/2013,3450,474,1,0,0,0
5,1,10/14/2013,4199,548,1,0,0,0
5,7,10/13/2013,0,0,0,0,0,0
5,6,10/12/2013,1963,217,1,0,0,0
5,5,10/11/2013,5421,597,1,1,0,0
5,4,10/10/2013,4985,545,1,1,0,0
5,3,10/9/2013,6063,688,1,1,0,0
5,2,10/8/2013,5697,636,1,1,0,0
5,1,10/7/2013,8319,808,1,1,0,0
5,7,10/6/2013,0,0,0,0,0,0
5,6,10/5/2013,2041,223,1,0,0,0
5,5,10/4/2013,5108,634,1,0,0,0
5,4,10/3/2013,0,0,0,0,a,0
5,3,10/2/2013,5118,668,1,0,0,0
5,2,10/1/2013,4686,610,1,0,0,0
5,1,9/30/2013,4367,581,1,0,0,0
5,7,9/29/2013,0,0,0,0,0,0
5,6,9/28/2013,2171,231,1,0,0,0
5,5,9/27/2013,5139,598,1,1,0,0
5,4,9/26/2013,4566,507,1,1,0,0
5,3,9/25/2013,5371,653,1,1,0,0
5,2,9/24/2013,5489,596,1,1,0,0
5,1,9/23/2013,7486,743,1,1,0,0
5,7,9/22/2013,0,0,0,0,0,0
5,6,9/21/2013,1725,217,1,0,0,0
5,5,9/20/2013,4024,512,1,0,0,0
5,4,9/19/2013,3457,470,1,0,0,0
5,3,9/18/2013,3753,537,1,0,0,0
5,2,9/17/2013,3846,528,1,0,0,0
5,1,9/16/2013,3940,529,1,0,0,0
5,7,9/15/2013,0,0,0,0,0,0
5,6,9/14/2013,2001,217,1,0,0,0
5,5,9/13/2013,5274,640,1,1,0,0
5,4,9/12/2013,5298,600,1,1,0,0
5,3,9/11/2013,5958,705,1,1,0,0
5,2,9/10/2013,6222,631,1,1,0,0
5,1,9/9/2013,7378,739,1,1,0,0
5,7,9/8/2013,0,0,0,0,0,0
5,6,9/7/2013,1893,228,1,0,0,0
5,5,9/6/2013,4242,537,1,0,0,0
5,4,9/5/2013,3830,516,1,0,0,0
5,3,9/4/2013,3996,589,1,0,0,0
5,2,9/3/2013,4314,557,1,0,0,0
5,1,9/2/2013,4598,568,1,0,0,0
5,7,9/1/2013,0,0,0,0,0,0
5,6,8/31/2013,2424,258,1,0,0,0
5,5,8/30/2013,6413,678,1,1,0,0
5,4,8/29/2013,5720,637,1,1,0,0
5,3,8/28/2013,5919,682,1,1,0,0
5,2,8/27/2013,6045,646,1,1,0,0
5,1,8/26/2013,7457,735,1,1,0,0
5,7,8/25/2013,0,0,0,0,0,0
5,6,8/24/2013,1832,224,1,0,0,0
5,5,8/23/2013,3879,513,1,0,0,1
5,4,8/22/2013,3534,485,1,0,0,1
5,3,8/21/2013,4434,619,1,0,0,1
5,2,8/20/2013,3825,537,1,0,0,1
5,1,8/19/2013,4225,527,1,0,0,1
5,7,8/18/2013,0,0,0,0,0,0
5,6,8/17/2013,1676,214,1,0,0,0
5,5,8/16/2013,5113,590,1,1,0,1
5,4,8/15/2013,5030,539,1,1,0,1
5,3,8/14/2013,6352,736,1,1,0,1
5,2,8/13/2013,6858,678,1,1,0,1
5,1,8/12/2013,7706,780,1,1,0,1
5,7,8/11/2013,0,0,0,0,0,0
5,6,8/10/2013,2005,244,1,0,0,0
5,5,8/9/2013,3932,470,1,0,0,1
5,4,8/8/2013,3869,509,1,0,0,1
5,3,8/7/2013,5198,645,1,0,0,1
5,2,8/6/2013,4649,508,1,0,0,1
5,1,8/5/2013,4816,583,1,0,0,1
5,7,8/4/2013,0,0,0,0,0,0
5,6,8/3/2013,1778,250,1,0,0,0
5,5,8/2/2013,4907,589,1,1,0,1
5,4,8/1/2013,6373,689,1,1,0,1
5,3,7/31/2013,8061,788,1,1,0,1
5,2,7/30/2013,7217,695,1,1,0,1
5,1,7/29/2013,8701,788,1,1,0,1
5,7,7/28/2013,0,0,0,0,0,0
5,6,7/27/2013,2321,263,1,0,0,0
5,5,7/26/2013,4432,509,1,0,0,1
5,4,7/25/2013,4616,550,1,0,0,1
5,3,7/24/2013,4865,621,1,0,0,1
5,2,7/23/2013,4533,510,1,0,0,1
5,1,7/22/2013,4704,582,1,0,0,1
5,7,7/21/2013,0,0,0,0,0,0
5,6,7/20/2013,2231,253,1,0,0,0
5,5,7/19/2013,6197,650,1,1,0,1
5,4,7/18/2013,6316,633,1,1,0,1
5,3,7/17/2013,7126,735,1,1,0,1
5,2,7/16/2013,6027,670,1,1,0,1
5,1,7/15/2013,9299,847,1,1,0,1
5,7,7/14/2013,0,0,0,0,0,0
5,6,7/13/2013,2451,265,1,0,0,0
5,5,7/12/2013,4885,581,1,0,0,0
5,4,7/11/2013,4935,605,1,0,0,0
5,3,7/10/2013,5038,662,1,0,0,0
5,2,7/9/2013,4758,592,1,0,0,0
5,1,7/8/2013,4896,604,1,0,0,0
5,7,7/7/2013,0,0,0,0,0,0
5,6,7/6/2013,1957,246,1,0,0,0
5,5,7/5/2013,7054,708,1,1,0,0
5,4,7/4/2013,6473,679,1,1,0,0
5,3,7/3/2013,7100,802,1,1,0,0
5,2,7/2/2013,6652,678,1,1,0,0
5,1,7/1/2013,9047,845,1,1,0,0
5,7,6/30/2013,0,0,0,0,0,0
5,6,6/29/2013,2460,281,1,0,0,0
5,5,6/28/2013,5303,625,1,0,0,0
5,4,6/27/2013,4646,571,1,0,0,0
5,3,6/26/2013,4511,583,1,0,0,0
5,2,6/25/2013,3476,443,1,0,0,0
5,1,6/24/2013,4517,588,1,0,0,0
5,7,6/23/2013,0,0,0,0,0,0
5,6,6/22/2013,2250,253,1,0,0,0
5,5,6/21/2013,6029,653,1,1,0,0
5,4,6/20/2013,5315,563,1,1,0,0
5,3,6/19/2013,5594,663,1,1,0,0
5,2,6/18/2013,5853,650,1,1,0,0
5,1,6/17/2013,8126,784,1,1,0,0
5,7,6/16/2013,0,0,0,0,0,0
5,6,6/15/2013,1970,219,1,0,0,0
5,5,6/14/2013,4487,587,1,0,0,0
5,4,6/13/2013,4066,519,1,0,0,0
5,3,6/12/2013,4230,617,1,0,0,0
5,2,6/11/2013,4368,544,1,0,0,0
5,1,6/10/2013,4745,583,1,0,0,0
5,7,6/9/2013,0,0,0,0,0,0
5,6,6/8/2013,2163,260,1,0,0,0
5,5,6/7/2013,5056,632,1,1,0,0
5,4,6/6/2013,5235,579,1,1,0,0
5,3,6/5/2013,5349,682,1,1,0,0
5,2,6/4/2013,3374,422,1,1,0,0
5,1,6/3/2013,0,0,0,1,0,0
5,7,6/2/2013,0,0,0,0,0,0
5,6,6/1/2013,2157,259,1,0,0,0
5,5,5/31/2013,6082,679,1,1,0,0
5,4,5/30/2013,5065,576,1,1,a,0
5,3,5/29/2013,5334,655,1,1,0,0
5,2,5/28/2013,5725,651,1,1,0,0
5,1,5/27/2013,6746,707,1,1,0,0
5,7,5/26/2013,0,0,0,0,0,0
5,6,5/25/2013,1668,209,1,0,0,0
5,5,5/24/2013,3830,501,1,0,0,0
5,4,5/23/2013,3930,507,1,0,0,0
5,3,5/22/2013,4381,544,1,0,0,1
5,2,5/21/2013,4495,573,1,0,0,1
5,1,5/20/2013,0,0,0,0,a,1
5,7,5/19/2013,0,0,0,0,0,0
5,6,5/18/2013,1939,237,1,0,0,0
5,5,5/17/2013,5354,612,1,1,0,0
5,4,5/16/2013,4790,598,1,1,0,0
5,3,5/15/2013,5443,662,1,1,0,0
5,2,5/14/2013,5587,624,1,1,0,0
5,1,5/13/2013,6862,752,1,1,0,0
5,7,5/12/2013,0,0,0,0,0,0
5,6,5/11/2013,1788,234,1,0,0,0
5,5,5/10/2013,4937,595,1,0,0,1
5,4,5/9/2013,0,0,0,0,a,0
5,3,5/8/2013,4680,647,1,0,0,0
5,2,5/7/2013,3961,507,1,0,0,0
5,1,5/6/2013,3895,558,1,0,0,0
5,7,5/5/2013,0,0,0,0,0,0
5,6,5/4/2013,1922,231,1,0,0,0
5,5,5/3/2013,5531,631,1,1,0,0
5,4,5/2/2013,6347,715,1,1,0,0
5,3,5/1/2013,0,0,0,1,a,0
5,2,4/30/2013,6387,744,1,1,0,0
5,1,4/29/2013,6967,732,1,1,0,0
5,7,4/28/2013,0,0,0,0,0,0
5,6,4/27/2013,1428,180,1,0,0,0
5,5,4/26/2013,4228,534,1,1,0,0
5,4,4/25/2013,4775,569,1,1,0,0
5,3,4/24/2013,5076,708,1,1,0,0
5,2,4/23/2013,4859,576,1,1,0,0
5,1,4/22/2013,6458,671,1,1,0,0
5,7,4/21/2013,0,0,0,0,0,0
5,6,4/20/2013,2152,244,1,0,0,0
5,5,4/19/2013,3596,493,1,0,0,0
5,4,4/18/2013,3280,435,1,0,0,0
5,3,4/17/2013,3636,539,1,0,0,0
5,2,4/16/2013,3367,494,1,0,0,0
5,1,4/15/2013,3344,511,1,0,0,0
5,7,4/14/2013,0,0,0,0,0,0
5,6,4/13/2013,1515,215,1,0,0,0
5,5,4/12/2013,4767,555,1,1,0,0
5,4,4/11/2013,4509,517,1,1,0,0
5,3,4/10/2013,5698,689,1,1,0,0
5,2,4/9/2013,5204,580,1,1,0,0
5,1,4/8/2013,6817,695,1,1,0,0
5,7,4/7/2013,0,0,0,0,0,0
5,6,4/6/2013,1571,207,1,0,0,0
5,5,4/5/2013,3949,519,1,0,0,1
5,4,4/4/2013,3875,496,1,0,0,1
5,3,4/3/2013,4247,597,1,0,0,1
5,2,4/2/2013,4436,620,1,0,0,1
5,1,4/1/2013,0,0,0,0,b,1
5,7,3/31/2013,0,0,0,0,0,0
5,6,3/30/2013,2916,359,1,0,0,0
5,5,3/29/2013,0,0,0,1,b,1
5,4,3/28/2013,7945,816,1,1,0,0
5,3,3/27/2013,6477,717,1,1,0,0
5,2,3/26/2013,6086,612,1,1,0,0
5,1,3/25/2013,7563,750,1,1,0,0
5,7,3/24/2013,0,0,0,0,0,0
5,6,3/23/2013,2153,239,1,0,0,0
5,5,3/22/2013,4862,552,1,1,0,0
5,4,3/21/2013,5027,550,1,1,0,0
5,3,3/20/2013,6085,689,1,1,0,0
5,2,3/19/2013,4930,571,1,1,0,0
5,1,3/18/2013,7297,755,1,1,0,0
5,7,3/17/2013,0,0,0,0,0,0
5,6,3/16/2013,1717,206,1,0,0,0
5,5,3/15/2013,3839,481,1,0,0,0
5,4,3/14/2013,3488,485,1,0,0,0
5,3,3/13/2013,3486,501,1,0,0,0
5,2,3/12/2013,2809,403,1,0,0,0
5,1,3/11/2013,3343,458,1,0,0,0
5,7,3/10/2013,0,0,0,0,0,0
5,6,3/9/2013,1558,190,1,0,0,0
5,5,3/8/2013,4744,576,1,1,0,0
5,4,3/7/2013,4430,533,1,1,0,0
5,3,3/6/2013,6027,693,1,1,0,0
5,2,3/5/2013,6131,685,1,1,0,0
5,1,3/4/2013,7926,809,1,1,0,0
5,7,3/3/2013,0,0,0,0,0,0
5,6,3/2/2013,1939,242,1,0,0,0
5,5,3/1/2013,4082,549,1,0,0,0
5,4,2/28/2013,4940,568,1,0,0,0
5,3,2/27/2013,3634,529,1,0,0,0
5,2,2/26/2013,3664,469,1,0,0,0
5,1,2/25/2013,3372,490,1,0,0,0
5,7,2/24/2013,0,0,0,0,0,0
5,6,2/23/2013,1425,182,1,0,0,0
5,5,2/22/2013,4874,560,1,1,0,0
5,4,2/21/2013,4778,560,1,1,0,0
5,3,2/20/2013,5517,619,1,1,0,0
5,2,2/19/2013,3906,475,1,1,0,0
5,1,2/18/2013,8397,780,1,1,0,0
5,7,2/17/2013,0,0,0,0,0,0
5,6,2/16/2013,1740,196,1,0,0,0
5,5,2/15/2013,3811,500,1,0,0,1
5,4,2/14/2013,3908,508,1,0,0,1
5,3,2/13/2013,4412,568,1,0,0,1
5,2,2/12/2013,3178,448,1,0,0,1
5,1,2/11/2013,3978,560,1,0,0,1
5,7,2/10/2013,0,0,0,0,0,0
5,6,2/9/2013,1709,188,1,0,0,0
5,5,2/8/2013,4764,555,1,1,0,1
5,4,2/7/2013,4889,559,1,1,0,1
5,3,2/6/2013,5724,687,1,1,0,1
5,2,2/5/2013,5662,590,1,1,0,1
5,1,2/4/2013,6846,679,1,1,0,1
5,7,2/3/2013,0,0,0,0,0,0
5,6,2/2/2013,1757,211,1,0,0,0
5,5,2/1/2013,4241,576,1,0,0,0
5,4,1/31/2013,4392,571,1,0,0,0
5,3,1/30/2013,4273,570,1,0,0,0
5,2,1/29/2013,3569,472,1,0,0,0
5,1,1/28/2013,3089,451,1,0,0,0
5,7,1/27/2013,0,0,0,0,0,0
5,6,1/26/2013,1570,187,1,0,0,0
5,5,1/25/2013,4960,564,1,1,0,0
5,4,1/24/2013,4397,512,1,1,0,0
5,3,1/23/2013,6110,667,1,1,0,0
5,2,1/22/2013,5680,626,1,1,0,0
5,1,1/21/2013,6217,618,1,1,0,0
5,7,1/20/2013,0,0,0,0,0,0
5,6,1/19/2013,1698,199,1,0,0,0
5,5,1/18/2013,4227,501,1,0,0,0
5,4,1/17/2013,3401,464,1,0,0,0
5,3,1/16/2013,3546,513,1,0,0,0
5,2,1/15/2013,3916,520,1,0,0,0
5,1,1/14/2013,4045,567,1,0,0,0
5,7,1/13/2013,0,0,0,0,0,0
5,6,1/12/2013,1760,223,1,0,0,0
5,5,1/11/2013,5159,562,1,1,0,0
5,4,1/10/2013,4999,596,1,1,0,0
5,3,1/9/2013,5974,697,1,1,0,0
5,2,1/8/2013,5718,613,1,1,0,0
5,1,1/7/2013,6978,717,1,1,0,0
5,7,1/6/2013,0,0,0,0,0,0
5,6,1/5/2013,1590,202,1,0,0,0
5,5,1/4/2013,4456,533,1,0,0,0
5,4,1/3/2013,3465,491,1,0,0,0
5,3,1/2/2013,4253,577,1,0,0,1
5,2,1/1/2013,0,0,0,0,a,1
